<?xml version="1.0" encoding="UTF-8"?>
<!DOCTYPE html PUBLIC "-//W3C//DTD XHTML 1.0 Transitional//EN"
    "http://www.w3.org/TR/xhtml1/DTD/xhtml1-transitional.dtd">
<html xmlns="http://www.w3.org/1999/xhtml" xml:lang="en" lang="en">
 <head>
  <title>
</title>
<meta http-equiv="Content-Type" content="text/html;charset=utf-8" />
  <meta name='ocr-system' content='tesseract 3.04.00' />
  <meta name='ocr-capabilities' content='ocr_page ocr_carea ocr_par ocr_line ocrx_word'/>
</head>
<body>
  <div class='ocr_page' id='page_1' title='image "./lannaeisenecaed01vahlgoog_0012.png"; bbox 0 0 3234 5336; ppageno 0'>
   <div class='ocr_carea' id='block_1_1' title="bbox 535 383 1398 432">
    <p class='ocr_par' dir='ltr' id='par_1_1' title="bbox 535 383 1398 432">
     <span class='ocr_line' id='line_1_1' title="bbox 535 383 1398 432; baseline -0.007 -2"><span class='ocrx_word' id='word_1_1' title='bbox 535 387 705 432; x_wconf 75' lang='lat' dir='ltr'>PRAEFATIO</span> <span class='ocrx_word' id='word_1_2' title='bbox 720 385 870 430; x_wconf 78' lang='lat' dir='ltr'><strong>IOHANNIS</strong></span> <span class='ocrx_word' id='word_1_3' title='bbox 885 385 1027 429; x_wconf 70' lang='lat' dir='ltr'>vatatam.</span> <span class='ocrx_word' id='word_1_4' title='bbox 1131 383 1135 394; x_wconf 79' lang='lat'>&#39;</span> <span class='ocrx_word' id='word_1_5' title='bbox 1381 385 1398 424; x_wconf 90' lang='lat' dir='ltr'>V</span> 
     </span>
    </p>
   </div>
   <div class='ocr_carea' id='block_1_2' title="bbox 160 533 1396 3845">
    <p class='ocr_par' dir='ltr' id='par_1_2' title="bbox 160 533 1396 3845">
     <span class='ocr_line' id='line_1_2' title="bbox 161 533 1396 616; baseline -0.005 -16"><span class='ocrx_word' id='word_1_6' title='bbox 161 539 306 602; x_wconf 90' lang='lat' dir='ltr'>addendi</span> <span class='ocrx_word' id='word_1_7' title='bbox 337 537 463 602; x_wconf 86' lang='lat' dir='ltr'>occasio</span> <span class='ocrx_word' id='word_1_8' title='bbox 494 537 625 600; x_wconf 89' lang='lat' dir='ltr'>obvenit</span> <span class='ocrx_word' id='word_1_9' title='bbox 655 543 709 598; x_wconf 89' lang='lat' dir='ltr'>aut</span> <span class='ocrx_word' id='word_1_10' title='bbox 741 533 915 596; x_wconf 81' lang='lat' dir='ltr'>necessitas</span> <span class='ocrx_word' id='word_1_11' title='bbox 946 545 994 598; x_wconf 90' lang='lat' dir='ltr'>est</span> <span class='ocrx_word' id='word_1_12' title='bbox 1026 535 1189 616; x_wconf 88' lang='lat' dir='ltr'>imposita:</span> <span class='ocrx_word' id='word_1_13' title='bbox 1224 534 1339 596; x_wconf 87' lang='lat' dir='ltr'>etenim</span> <span class='ocrx_word' id='word_1_14' title='bbox 1364 533 1396 594; x_wconf 92' lang='lat' dir='ltr'>id</span> 
     </span>
     <span class='ocr_line' id='line_1_3' title="bbox 160 650 1396 738; baseline -0.005 -22"><span class='ocrx_word' id='word_1_15' title='bbox 160 655 293 738; x_wconf 90' lang='lat' dir='ltr'>quidem</span> <span class='ocrx_word' id='word_1_16' title='bbox 311 653 455 716; x_wconf 90' lang='lat' dir='ltr'>Kochius</span> <span class='ocrx_word' id='word_1_17' title='bbox 480 654 612 717; x_wconf 88' lang='lat' dir='ltr'>fideliter</span> <span class='ocrx_word' id='word_1_18' title='bbox 635 666 804 719; x_wconf 84' lang='lat' dir='ltr'>exsecutus</span> <span class='ocrx_word' id='word_1_19' title='bbox 828 665 903 730; x_wconf 90' lang='lat' dir='ltr'>erat,</span> <span class='ocrx_word' id='word_1_20' title='bbox 926 663 960 716; x_wconf 91' lang='lat' dir='ltr'>ut</span> <span class='ocrx_word' id='word_1_21' title='bbox 984 652 1160 732; x_wconf 88' lang='lat' dir='ltr'>ubicunque</span> <span class='ocrx_word' id='word_1_22' title='bbox 1180 650 1255 730; x_wconf 92' lang='lat' dir='ltr'>quid</span> <span class='ocrx_word' id='word_1_23' title='bbox 1272 658 1396 732; x_wconf 87' lang='lat' dir='ltr'>praeter</span> 
     </span>
     <span class='ocr_line' id='line_1_4' title="bbox 161 766 1391 851; baseline -0.007 -18"><span class='ocrx_word' id='word_1_24' title='bbox 161 772 310 835; x_wconf 85' lang='lat' dir='ltr'>codicem</span> <span class='ocrx_word' id='word_1_25' title='bbox 335 772 365 832; x_wconf 96' lang='lat' dir='ltr'>in</span> <span class='ocrx_word' id='word_1_26' title='bbox 382 779 474 832; x_wconf 90' lang='lat' dir='ltr'>textu</span> <span class='ocrx_word' id='word_1_27' title='bbox 491 771 656 851; x_wconf 87' lang='lat' dir='ltr'>posuisset,</span> <span class='ocrx_word' id='word_1_28' title='bbox 680 772 721 833; x_wconf 93' lang='lat' dir='ltr'>de</span> <span class='ocrx_word' id='word_1_29' title='bbox 737 773 802 834; x_wconf 89' lang='lat' dir='ltr'>eius</span> <span class='ocrx_word' id='word_1_30' title='bbox 819 770 1001 834; x_wconf 88' lang='lat' dir='ltr'>testimonio</span> <span class='ocrx_word' id='word_1_31' title='bbox 1017 767 1174 848; x_wconf 84' lang='lat' dir='ltr'>legentem</span> <span class='ocrx_word' id='word_1_32' title='bbox 1193 766 1391 838; x_wconf 72' lang='lat' dir='ltr'>admoneret,</span> 
     </span>
     <span class='ocr_line' id='line_1_5' title="bbox 160 881 1394 967; baseline -0.005 -19"><span class='ocrx_word' id='word_1_33' title='bbox 160 887 220 949; x_wconf 93' lang='lat' dir='ltr'>sed</span> <span class='ocrx_word' id='word_1_34' title='bbox 253 905 325 947; x_wconf 91' lang='lat' dir='ltr'>cum</span> <span class='ocrx_word' id='word_1_35' title='bbox 358 906 449 948; x_wconf 93' lang='lat' dir='ltr'>suum</span> <span class='ocrx_word' id='word_1_36' title='bbox 481 885 664 967; x_wconf 91' lang='lat' dir='ltr'>exemplum</span> <span class='ocrx_word' id='word_1_37' title='bbox 696 888 738 950; x_wconf 91' lang='lat' dir='ltr'>ad</span> <span class='ocrx_word' id='word_1_38' title='bbox 761 886 898 948; x_wconf 88' lang='lat' dir='ltr'>Fickerti</span> <span class='ocrx_word' id='word_1_39' title='bbox 922 884 1093 964; x_wconf 88' lang='lat' dir='ltr'>Haasiique</span> <span class='ocrx_word' id='word_1_40' title='bbox 1122 881 1322 965; x_wconf 90' lang='lat' dir='ltr'>potissimum</span> <span class='ocrx_word' id='word_1_41' title='bbox 1347 901 1394 942; x_wconf 89' lang='lat' dir='ltr'>re·</span> 
     </span>
     <span class='ocr_line' id='line_1_6' title="bbox 161 996 1395 1083; baseline -0.006 -19"><span class='ocrx_word' id='word_1_42' title='bbox 161 1004 327 1064; x_wconf 89' lang='lat' dir='ltr'>censiones</span> <span class='ocrx_word' id='word_1_43' title='bbox 351 1000 499 1083; x_wconf 90' lang='lat' dir='ltr'>applicari</span> <span class='ocrx_word' id='word_1_44' title='bbox 521 1001 624 1074; x_wconf 90' lang='lat' dir='ltr'>vellet,</span> <span class='ocrx_word' id='word_1_45' title='bbox 648 1021 744 1082; x_wconf 84' lang='lat' dir='ltr'>saepe</span> <span class='ocrx_word' id='word_1_46' title='bbox 765 1001 840 1064; x_wconf 92' lang='lat' dir='ltr'>olim</span> <span class='ocrx_word' id='word_1_47' title='bbox 858 1000 1027 1062; x_wconf 87' lang='lat' dir='ltr'>emendata</span> <span class='ocrx_word' id='word_1_48' title='bbox 1043 1009 1075 1062; x_wconf 89' lang='lat' dir='ltr'>et</span> <span class='ocrx_word' id='word_1_49' title='bbox 1091 999 1132 1060; x_wconf 89' lang='lat' dir='ltr'>ab</span> <span class='ocrx_word' id='word_1_50' title='bbox 1148 996 1205 1059; x_wconf 88' lang='lat' dir='ltr'>illis</span> <span class='ocrx_word' id='word_1_51' title='bbox 1222 997 1395 1059; x_wconf 84' lang='lat' dir='ltr'>editoribus</span> 
     </span>
     <span class='ocr_line' id='line_1_7' title="bbox 161 1113 1392 1197; baseline -0.004 -19"><span class='ocrx_word' id='word_1_52' title='bbox 161 1125 293 1197; x_wconf 90' lang='lat' dir='ltr'>recepta</span> <span class='ocrx_word' id='word_1_53' title='bbox 316 1135 397 1197; x_wconf 90' lang='lat' dir='ltr'>quos</span> <span class='ocrx_word' id='word_1_54' title='bbox 420 1125 565 1178; x_wconf 86' lang='lat' dir='ltr'>auctores</span> <span class='ocrx_word' id='word_1_55' title='bbox 586 1116 748 1191; x_wconf 87' lang='lat' dir='ltr'>haberent,</span> <span class='ocrx_word' id='word_1_56' title='bbox 771 1117 908 1178; x_wconf 88' lang='lat' dir='ltr'>indicare</span> <span class='ocrx_word' id='word_1_57' title='bbox 923 1113 1046 1178; x_wconf 85' lang='lat' dir='ltr'>omisit:</span> <span class='ocrx_word' id='word_1_58' title='bbox 1072 1115 1157 1196; x_wconf 91' lang='lat' dir='ltr'>atqui</span> <span class='ocrx_word' id='word_1_59' title='bbox 1173 1115 1288 1176; x_wconf 92' lang='lat' dir='ltr'>iustum</span> <span class='ocrx_word' id='word_1_60' title='bbox 1307 1133 1392 1174; x_wconf 91' lang='lat' dir='ltr'>com-</span> 
     </span>
     <span class='ocr_line' id='line_1_8' title="bbox 161 1227 1394 1313; baseline -0.004 -19"><span class='ocrx_word' id='word_1_61' title='bbox 161 1233 353 1295; x_wconf 90' lang='lat' dir='ltr'>mentarium</span> <span class='ocrx_word' id='word_1_62' title='bbox 384 1231 463 1294; x_wconf 90' lang='lat' dir='ltr'>haec</span> <span class='ocrx_word' id='word_1_63' title='bbox 494 1233 558 1293; x_wconf 94' lang='lat' dir='ltr'>duo</span> <span class='ocrx_word' id='word_1_64' title='bbox 588 1233 704 1313; x_wconf 89' lang='lat' dir='ltr'>pariter</span> <span class='ocrx_word' id='word_1_65' title='bbox 735 1233 871 1293; x_wconf 89' lang='lat' dir='ltr'>edocere</span> <span class='ocrx_word' id='word_1_66' title='bbox 899 1240 1122 1312; x_wconf 75' lang='lat' dir='ltr'>expectamuS,</span> <span class='ocrx_word' id='word_1_67' title='bbox 1154 1229 1285 1309; x_wconf 86' lang='lat' dir='ltr'>etquid</span> <span class='ocrx_word' id='word_1_68' title='bbox 1309 1227 1394 1301; x_wconf 90' lang='lat' dir='ltr'>liber,</span> 
     </span>
     <span class='ocr_line' id='line_1_9' title="bbox 161 1344 1392 1429; baseline -0.005 -18"><span class='ocrx_word' id='word_1_69' title='bbox 161 1350 250 1411; x_wconf 89' lang='lat' dir='ltr'>cuius</span> <span class='ocrx_word' id='word_1_70' title='bbox 274 1347 338 1410; x_wconf 86' lang='lat' dir='ltr'>tide</span> <span class='ocrx_word' id='word_1_71' title='bbox 362 1347 516 1410; x_wconf 91' lang='lat' dir='ltr'>memoria</span> <span class='ocrx_word' id='word_1_72' title='bbox 538 1348 731 1422; x_wconf 74' lang='lat' dir='ltr'>continetur,</span> <span class='ocrx_word' id='word_1_73' title='bbox 755 1347 905 1429; x_wconf 86' lang='lat' dir='ltr'>scripturn</span> <span class='ocrx_word' id='word_1_74' title='bbox 930 1345 1097 1419; x_wconf 87' lang='lat' dir='ltr'>exhibeat,</span> <span class='ocrx_word' id='word_1_75' title='bbox 1121 1355 1153 1406; x_wconf 91' lang='lat' dir='ltr'>et</span> <span class='ocrx_word' id='word_1_76' title='bbox 1176 1345 1200 1406; x_wconf 93' lang='lat' dir='ltr'>si</span> <span class='ocrx_word' id='word_1_77' title='bbox 1224 1344 1300 1424; x_wconf 90' lang='lat' dir='ltr'>quid</span> <span class='ocrx_word' id='word_1_78' title='bbox 1324 1363 1392 1405; x_wconf 92' lang='lat' dir='ltr'>cor-</span> 
     </span>
     <span class='ocr_line' id='line_1_10' title="bbox 162 1458 1394 1545; baseline -0.004 -20"><span class='ocrx_word' id='word_1_79' title='bbox 162 1475 285 1526; x_wconf 88' lang='lat' dir='ltr'>rectum</span> <span class='ocrx_word' id='word_1_80' title='bbox 311 1471 358 1525; x_wconf 89' lang='lat' dir='ltr'>est</span> <span class='ocrx_word' id='word_1_81' title='bbox 382 1463 447 1524; x_wconf 90' lang='lat' dir='ltr'>sine</span> <span class='ocrx_word' id='word_1_82' title='bbox 469 1462 651 1545; x_wconf 90' lang='lat' dir='ltr'>exemplari,</span> <span class='ocrx_word' id='word_1_83' title='bbox 675 1464 759 1524; x_wconf 92' lang='lat' dir='ltr'>unde</span> <span class='ocrx_word' id='word_1_84' title='bbox 780 1463 811 1524; x_wconf 93' lang='lat' dir='ltr'>id</span> <span class='ocrx_word' id='word_1_85' title='bbox 828 1462 981 1542; x_wconf 85' lang='lat' dir='ltr'>originem</span> <span class='ocrx_word' id='word_1_86' title='bbox 997 1464 1101 1524; x_wconf 89' lang='lat' dir='ltr'>ducat.</span> <span class='ocrx_word' id='word_1_87' title='bbox 1148 1459 1190 1521; x_wconf 89' lang='lat' dir='ltr'>Et</span> <span class='ocrx_word' id='word_1_88' title='bbox 1206 1462 1235 1522; x_wconf 92' lang='lat' dir='ltr'>in</span> <span class='ocrx_word' id='word_1_89' title='bbox 1252 1458 1394 1521; x_wconf 86' lang='lat' dir='ltr'>Senecae</span> 
     </span>
     <span class='ocr_line' id='line_1_11' title="bbox 160 1575 1392 1660; baseline -0.003 -21"><span class='ocrx_word' id='word_1_90' title='bbox 160 1579 292 1660; x_wconf 91' lang='lat' dir='ltr'>quidem</span> <span class='ocrx_word' id='word_1_91' title='bbox 315 1577 448 1657; x_wconf 85' lang='lat' dir='ltr'>dialogis</span> <span class='ocrx_word' id='word_1_92' title='bbox 472 1576 579 1652; x_wconf 91' lang='lat' dir='ltr'>multa,</span> <span class='ocrx_word' id='word_1_93' title='bbox 603 1597 684 1659; x_wconf 86' lang='lat' dir='ltr'>quae</span> <span class='ocrx_word' id='word_1_94' title='bbox 707 1578 825 1640; x_wconf 89' lang='lat' dir='ltr'>codicis</span> <span class='ocrx_word' id='word_1_95' title='bbox 842 1576 1048 1638; x_wconf 90' lang='lat' dir='ltr'>Ambrosiani</span> <span class='ocrx_word' id='word_1_96' title='bbox 1071 1575 1174 1638; x_wconf 90' lang='lat' dir='ltr'>scriba</span> <span class='ocrx_word' id='word_1_97' title='bbox 1195 1595 1293 1657; x_wconf 83' lang='lat' dir='ltr'>prave</span> <span class='ocrx_word' id='word_1_98' title='bbox 1317 1593 1392 1636; x_wconf 91' lang='lat' dir='ltr'>exa-</span> 
     </span>
     <span class='ocr_line' id='line_1_12' title="bbox 161 1683 1393 1771; baseline -0.004 -17"><span class='ocrx_word' id='word_1_99' title='bbox 161 1693 255 1768; x_wconf 89' lang='lat' dir='ltr'>ravit,</span> <span class='ocrx_word' id='word_1_100' title='bbox 289 1683 432 1755; x_wconf 85' lang='lat' dir='ltr'>correcta</span> <span class='ocrx_word' id='word_1_101' title='bbox 462 1692 618 1755; x_wconf 88' lang='lat' dir='ltr'>habentur</span> <span class='ocrx_word' id='word_1_102' title='bbox 641 1693 671 1754; x_wconf 92' lang='lat' dir='ltr'>in</span> <span class='ocrx_word' id='word_1_103' title='bbox 695 1693 760 1754; x_wconf 90' lang='lat' dir='ltr'>aliis</span> <span class='ocrx_word' id='word_1_104' title='bbox 784 1691 870 1755; x_wconf 89' lang='lat' dir='ltr'>libris</span> <span class='ocrx_word' id='word_1_105' title='bbox 894 1693 946 1754; x_wconf 91' lang='lat' dir='ltr'>illo</span> <span class='ocrx_word' id='word_1_106' title='bbox 971 1691 1178 1754; x_wconf 91' lang='lat' dir='ltr'>deterioribus</span> <span class='ocrx_word' id='word_1_107' title='bbox 1202 1700 1235 1754; x_wconf 89' lang='lat' dir='ltr'>et</span> <span class='ocrx_word' id='word_1_108' title='bbox 1258 1699 1393 1771; x_wconf 92' lang='lat' dir='ltr'>quorum</span> 
     </span>
     <span class='ocr_line' id='line_1_13' title="bbox 160 1806 1392 1888; baseline -0.002 -18"><span class='ocrx_word' id='word_1_109' title='bbox 160 1807 243 1870; x_wconf 91' lang='lat' dir='ltr'>haec</span> <span class='ocrx_word' id='word_1_110' title='bbox 267 1829 329 1870; x_wconf 91' lang='lat' dir='ltr'>una</span> <span class='ocrx_word' id='word_1_111' title='bbox 345 1808 459 1870; x_wconf 91' lang='lat' dir='ltr'>utilitas</span> <span class='ocrx_word' id='word_1_112' title='bbox 483 1817 540 1882; x_wconf 93' lang='lat' dir='ltr'>est,</span> <span class='ocrx_word' id='word_1_113' title='bbox 564 1809 651 1888; x_wconf 93' lang='lat' dir='ltr'>quod</span> <span class='ocrx_word' id='word_1_114' title='bbox 675 1809 799 1870; x_wconf 89' lang='lat' dir='ltr'>mendis</span> <span class='ocrx_word' id='word_1_115' title='bbox 823 1807 937 1881; x_wconf 90' lang='lat' dir='ltr'>multis,</span> <span class='ocrx_word' id='word_1_116' title='bbox 961 1806 1130 1869; x_wconf 89' lang='lat' dir='ltr'>levioribus</span> <span class='ocrx_word' id='word_1_117' title='bbox 1154 1807 1303 1877; x_wconf 87' lang='lat' dir='ltr'>maxime,</span> <span class='ocrx_word' id='word_1_118' title='bbox 1327 1809 1392 1868; x_wconf 79' lang='lat' dir='ltr'>me&#39;-</span> 
     </span>
     <span class='ocr_line' id='line_1_14' title="bbox 161 1921 1393 2003; baseline -0.001 -18"><span class='ocrx_word' id='word_1_119' title='bbox 161 1925 301 1988; x_wconf 89' lang='lat' dir='ltr'>dicinam</span> <span class='ocrx_word' id='word_1_120' title='bbox 333 1931 452 1985; x_wconf 88' lang='lat' dir='ltr'>certam</span> <span class='ocrx_word' id='word_1_121' title='bbox 491 1922 641 1999; x_wconf 88' lang='lat' dir='ltr'>asserunt,</span> <span class='ocrx_word' id='word_1_122' title='bbox 681 1923 740 1987; x_wconf 92' lang='lat' dir='ltr'>alia</span> <span class='ocrx_word' id='word_1_123' title='bbox 775 1924 849 1985; x_wconf 91' lang='lat' dir='ltr'>inde</span> <span class='ocrx_word' id='word_1_124' title='bbox 880 1923 922 1984; x_wconf 89' lang='lat' dir='ltr'>ab</span> <span class='ocrx_word' id='word_1_125' title='bbox 954 1923 1174 2003; x_wconf 90' lang='lat' dir='ltr'>antiquissimis</span> <span class='ocrx_word' id='word_1_126' title='bbox 1205 1921 1393 1984; x_wconf 90' lang='lat' dir='ltr'>editionibus</span> 
     </span>
     <span class='ocr_line' id='line_1_15' title="bbox 162 2030 1390 2122; baseline -0.002 -22"><span class='ocrx_word' id='word_1_127' title='bbox 162 2039 335 2100; x_wconf 89' lang='lat' dir='ltr'>emendate</span> <span class='ocrx_word' id='word_1_128' title='bbox 377 2039 493 2120; x_wconf 89' lang='lat' dir='ltr'>scripta</span> <span class='ocrx_word' id='word_1_129' title='bbox 531 2030 605 2101; x_wconf 65' lang='lat' dir='ltr'>sed&#39;</span> <span class='ocrx_word' id='word_1_130' title='bbox 628 2037 712 2100; x_wconf 90' lang='lat' dir='ltr'>nulla</span> <span class='ocrx_word' id='word_1_131' title='bbox 750 2039 867 2100; x_wconf 88' lang='lat' dir='ltr'>codicis</span> <span class='ocrx_word' id='word_1_132' title='bbox 898 2039 1084 2100; x_wconf 90' lang='lat' dir='ltr'>auctoritate</span> <span class='ocrx_word' id='word_1_133' title='bbox 1115 2035 1390 2122; x_wconf 80' lang='lat' dir='ltr'>circumferuntur3</span> 
     </span>
     <span class='ocr_line' id='line_1_16' title="bbox 163 2151 1393 2235; baseline -0.001 -21"><span class='ocrx_word' id='word_1_134' title='bbox 163 2153 244 2214; x_wconf 90' lang='lat' dir='ltr'>haec</span> <span class='ocrx_word' id='word_1_135' title='bbox 267 2161 299 2214; x_wconf 93' lang='lat' dir='ltr'>et</span> <span class='ocrx_word' id='word_1_136' title='bbox 323 2172 404 2235; x_wconf 91' lang='lat' dir='ltr'>quae</span> <span class='ocrx_word' id='word_1_137' title='bbox 427 2153 578 2234; x_wconf 89' lang='lat' dir='ltr'>paulatim</span> <span class='ocrx_word' id='word_1_138' title='bbox 609 2174 628 2216; x_wconf 89' lang='lat' dir='ltr'>a</span> <span class='ocrx_word' id='word_1_139' title='bbox 659 2155 761 2216; x_wconf 91' lang='lat' dir='ltr'>doctis</span> <span class='ocrx_word' id='word_1_140' title='bbox 785 2154 896 2218; x_wconf 85' lang='lat' dir='ltr'>c&#39;riticis</span> <span class='ocrx_word' id='word_1_141' title='bbox 920 2163 974 2215; x_wconf 91' lang='lat' dir='ltr'>aut</span> <span class='ocrx_word' id='word_1_142' title='bbox 1001 2160 1088 2214; x_wconf 86' lang='lat' dir='ltr'>recte</span> <span class='ocrx_word' id='word_1_143' title='bbox 1110 2161 1164 2214; x_wconf 90' lang='lat' dir='ltr'>aut</span> <span class='ocrx_word' id='word_1_144' title='bbox 1188 2151 1393 2234; x_wconf 86' lang='lat' dir='ltr'>probabiliter</span> 
     </span>
     <span class='ocr_line' id='line_1_17' title="bbox 162 2266 1392 2349; baseline -0.002 -19"><span class='ocrx_word' id='word_1_145' title='bbox 162 2278 283 2330; x_wconf 89' lang='lat' dir='ltr'>novata</span> <span class='ocrx_word' id='word_1_146' title='bbox 306 2277 387 2342; x_wconf 90' lang='lat' dir='ltr'>sunt,</span> <span class='ocrx_word' id='word_1_147' title='bbox 412 2268 614 2349; x_wconf 80' lang='lat' dir='ltr'>colligere-et</span> <span class='ocrx_word' id='word_1_148' title='bbox 637 2269 667 2330; x_wconf 92' lang='lat' dir='ltr'>in</span> <span class='ocrx_word' id='word_1_149' title='bbox 692 2289 749 2331; x_wconf 90' lang='lat' dir='ltr'>suo</span> <span class='ocrx_word' id='word_1_150' title='bbox 773 2269 911 2349; x_wconf 90' lang='lat' dir='ltr'>quidque</span> <span class='ocrx_word' id='word_1_151' title='bbox 934 2267 1006 2330; x_wconf 92' lang='lat' dir='ltr'>loco</span> <span class='ocrx_word' id='word_1_152' title='bbox 1029 2288 1162 2349; x_wconf 88' lang='lat' dir='ltr'>ponere,</span> <span class='ocrx_word' id='word_1_153' title='bbox 1186 2276 1252 2329; x_wconf 86' lang='lat' dir='ltr'>tam</span> <span class='ocrx_word' id='word_1_154' title='bbox 1276 2267 1305 2328; x_wconf 94' lang='lat' dir='ltr'>in</span> <span class='ocrx_word' id='word_1_155' title='bbox 1330 2266 1392 2328; x_wconf 90' lang='lat' dir='ltr'>hoc</span> 
     </span>
     <span class='ocr_line' id='line_1_18' title="bbox 161 2383 1391 2466; baseline -0.001 -22"><span class='ocrx_word' id='word_1_156' title='bbox 161 2385 316 2463; x_wconf 88' lang='lat' dir='ltr'>scriptore</span> <span class='ocrx_word' id='word_1_157' title='bbox 332 2403 428 2464; x_wconf 94' lang='lat' dir='ltr'>quam</span> <span class='ocrx_word' id='word_1_158' title='bbox 445 2385 474 2449; x_wconf 97' lang='lat' dir='ltr'>in</span> <span class='ocrx_word' id='word_1_159' title='bbox 491 2383 556 2446; x_wconf 88' lang='lat' dir='ltr'>aliis</span> <span class='ocrx_word' id='word_1_160' title='bbox 572 2383 736 2466; x_wconf 86' lang='lat' dir='ltr'>plerisque,</span> <span class='ocrx_word' id='word_1_161' title='bbox 760 2385 903 2446; x_wconf 88' lang='lat' dir='ltr'>taediosa</span> <span class='ocrx_word' id='word_1_162' title='bbox 925 2384 1076 2465; x_wconf 87' lang='lat' dir='ltr'>imprimis</span> <span class='ocrx_word' id='word_1_163' title='bbox 1099 2403 1172 2464; x_wconf 90' lang='lat' dir='ltr'>pars</span> <span class='ocrx_word' id='word_1_164' title='bbox 1196 2392 1244 2445; x_wconf 90' lang='lat' dir='ltr'>est</span> <span class='ocrx_word' id='word_1_165' title='bbox 1267 2384 1391 2457; x_wconf 90' lang='lat' dir='ltr'>edendi,</span> 
     </span>
     <span class='ocr_line' id='line_1_19' title="bbox 161 2496 1390 2581; baseline -0.002 -21"><span class='ocrx_word' id='word_1_166' title='bbox 161 2518 259 2579; x_wconf 91' lang='lat' dir='ltr'>quam</span> <span class='ocrx_word' id='word_1_167' title='bbox 283 2506 392 2560; x_wconf 91' lang='lat' dir='ltr'>tamen</span> <span class='ocrx_word' id='word_1_168' title='bbox 416 2500 592 2562; x_wconf 88' lang='lat' dir='ltr'>detrectare</span> <span class='ocrx_word' id='word_1_169' title='bbox 615 2519 672 2581; x_wconf 92' lang='lat' dir='ltr'>par</span> <span class='ocrx_word' id='word_1_170' title='bbox 695 2519 759 2560; x_wconf 93' lang='lat' dir='ltr'>non</span> <span class='ocrx_word' id='word_1_171' title='bbox 776 2509 824 2561; x_wconf 91' lang='lat' dir='ltr'>est</span> <span class='ocrx_word' id='word_1_172' title='bbox 839 2500 865 2560; x_wconf 91' lang='lat' dir='ltr'>si</span> <span class='ocrx_word' id='word_1_173' title='bbox 880 2500 932 2580; x_wconf 91' lang='lat' dir='ltr'>qui</span> <span class='ocrx_word' id='word_1_174' title='bbox 947 2498 1126 2561; x_wconf 82' lang='lat' dir='ltr'>satisfacere</span> <span class='ocrx_word' id='word_1_175' title='bbox 1143 2499 1271 2578; x_wconf 84' lang='lat' dir='ltr'>editoris</span> <span class='ocrx_word' id='word_1_176' title='bbox 1287 2496 1390 2559; x_wconf 85' lang='lat' dir='ltr'>officio</span> 
     </span>
     <span class='ocr_line' id='line_1_20' title="bbox 161 2612 1390 2696; baseline -0.002 -20"><span class='ocrx_word' id='word_1_177' title='bbox 161 2615 255 2696; x_wconf 90' lang='lat' dir='ltr'>cupit.</span> <span class='ocrx_word' id='word_1_178' title='bbox 303 2613 376 2693; x_wconf 88' lang='lat' dir='ltr'>Ego</span> <span class='ocrx_word' id='word_1_179' title='bbox 400 2634 492 2688; x_wconf 90' lang='lat' dir='ltr'>vero,</span> <span class='ocrx_word' id='word_1_180' title='bbox 523 2615 576 2695; x_wconf 93' lang='lat' dir='ltr'>qui</span> <span class='ocrx_word' id='word_1_181' title='bbox 598 2614 680 2676; x_wconf 92' lang='lat' dir='ltr'>hunc</span> <span class='ocrx_word' id='word_1_182' title='bbox 704 2615 890 2696; x_wconf 89' lang='lat' dir='ltr'>scriptorem</span> <span class='ocrx_word' id='word_1_183' title='bbox 915 2613 1048 2677; x_wconf 89' lang='lat' dir='ltr'>multum</span> <span class='ocrx_word' id='word_1_184' title='bbox 1072 2615 1209 2688; x_wconf 82' lang='lat' dir='ltr'>versavi,</span> <span class='ocrx_word' id='word_1_185' title='bbox 1234 2612 1390 2674; x_wconf 88' lang='lat' dir='ltr'>latinitatis</span> 
     </span>
     <span class='ocr_line' id='line_1_21' title="bbox 162 2727 1390 2810; baseline 0 -20"><span class='ocrx_word' id='word_1_186' title='bbox 162 2730 408 2810; x_wconf 90' lang='lat' dir='ltr'>cognoscendae</span> <span class='ocrx_word' id='word_1_187' title='bbox 440 2749 534 2790; x_wconf 89' lang='lat' dir='ltr'>causa</span> <span class='ocrx_word' id='word_1_188' title='bbox 558 2739 643 2805; x_wconf 82' lang='lat' dir='ltr'>(nam</span> <span class='ocrx_word' id='word_1_189' title='bbox 675 2731 856 2810; x_wconf 91' lang='lat' dir='ltr'>ceteroquin</span> <span class='ocrx_word' id='word_1_190' title='bbox 888 2731 953 2791; x_wconf 90' lang='lat' dir='ltr'>eius</span> <span class='ocrx_word' id='word_1_191' title='bbox 984 2729 1145 2810; x_wconf 90' lang='lat' dir='ltr'>argutulas</span> <span class='ocrx_word' id='word_1_192' title='bbox 1174 2727 1327 2790; x_wconf 88' lang='lat' dir='ltr'>sentiendi</span> <span class='ocrx_word' id='word_1_193' title='bbox 1358 2737 1390 2790; x_wconf 91' lang='lat' dir='ltr'>et</span> 
     </span>
     <span class='ocr_line' id='line_1_22' title="bbox 161 2842 1389 2925; baseline -0.002 -19"><span class='ocrx_word' id='word_1_194' title='bbox 161 2845 321 2906; x_wconf 89' lang='lat' dir='ltr'>scribendi</span> <span class='ocrx_word' id='word_1_195' title='bbox 344 2843 474 2924; x_wconf 90' lang='lat' dir='ltr'>ineptias</span> <span class='ocrx_word' id='word_1_196' title='bbox 498 2864 562 2905; x_wconf 91' lang='lat' dir='ltr'>non</span> <span class='ocrx_word' id='word_1_197' title='bbox 586 2844 724 2906; x_wconf 89' lang='lat' dir='ltr'>admiror</span> <span class='ocrx_word' id='word_1_198' title='bbox 747 2865 850 2925; x_wconf 90' lang='lat' dir='ltr'>neque</span> <span class='ocrx_word' id='word_1_199' title='bbox 874 2849 974 2919; x_wconf 80' lang='lat' dir='ltr'>amo),</span> <span class='ocrx_word' id='word_1_200' title='bbox 1007 2846 1065 2906; x_wconf 84' lang='lat' dir='ltr'>sed</span> <span class='ocrx_word' id='word_1_201' title='bbox 1089 2844 1203 2905; x_wconf 91' lang='lat' dir='ltr'>edendi</span> <span class='ocrx_word' id='word_1_202' title='bbox 1227 2842 1389 2905; x_wconf 90' lang='lat' dir='ltr'>consilium</span> 
     </span>
     <span class='ocr_line' id='line_1_23' title="bbox 162 2958 1388 3040; baseline -0.002 -20"><span class='ocrx_word' id='word_1_203' title='bbox 162 2979 336 3040; x_wconf 90' lang='lat' dir='ltr'>numquam</span> <span class='ocrx_word' id='word_1_204' title='bbox 368 2959 500 3040; x_wconf 91' lang='lat' dir='ltr'>agitavi,</span> <span class='ocrx_word' id='word_1_205' title='bbox 531 2979 569 3020; x_wconf 92' lang='lat' dir='ltr'>ea</span> <span class='ocrx_word' id='word_1_206' title='bbox 596 2960 709 3040; x_wconf 91' lang='lat' dir='ltr'>quibus</span> <span class='ocrx_word' id='word_1_207' title='bbox 732 2961 762 3020; x_wconf 93' lang='lat' dir='ltr'>in</span> <span class='ocrx_word' id='word_1_208' title='bbox 785 2959 847 3022; x_wconf 92' lang='lat' dir='ltr'>hoc</span> <span class='ocrx_word' id='word_1_209' title='bbox 871 2979 987 3040; x_wconf 87' lang='lat' dir='ltr'>genere</span> <span class='ocrx_word' id='word_1_210' title='bbox 1010 2958 1126 3020; x_wconf 91' lang='lat' dir='ltr'>Kochii</span> <span class='ocrx_word' id='word_1_211' title='bbox 1149 2959 1388 3021; x_wconf 88' lang='lat' dir='ltr'>adnotationem</span> 
     </span>
     <span class='ocr_line' id='line_1_24' title="bbox 161 3073 1389 3157; baseline -0.001 -22"><span class='ocrx_word' id='word_1_212' title='bbox 161 3073 307 3156; x_wconf 86' lang='lat' dir='ltr'>suppleri</span> <span class='ocrx_word' id='word_1_213' title='bbox 323 3084 501 3156; x_wconf 87' lang='lat' dir='ltr'>oporteret,</span> <span class='ocrx_word' id='word_1_214' title='bbox 525 3075 555 3136; x_wconf 94' lang='lat' dir='ltr'>in</span> <span class='ocrx_word' id='word_1_215' title='bbox 578 3075 638 3137; x_wconf 91' lang='lat' dir='ltr'>hac</span> <span class='ocrx_word' id='word_1_216' title='bbox 661 3076 764 3137; x_wconf 91' lang='lat' dir='ltr'>subita</span> <span class='ocrx_word' id='word_1_217' title='bbox 786 3095 885 3156; x_wconf 90' lang='lat' dir='ltr'>opera</span> <span class='ocrx_word' id='word_1_218' title='bbox 908 3095 972 3137; x_wconf 89' lang='lat' dir='ltr'>non</span> <span class='ocrx_word' id='word_1_219' title='bbox 995 3076 1083 3157; x_wconf 92' lang='lat' dir='ltr'>potui</span> <span class='ocrx_word' id='word_1_220' title='bbox 1106 3075 1229 3137; x_wconf 88' lang='lat' dir='ltr'>nisiex</span> <span class='ocrx_word' id='word_1_221' title='bbox 1253 3073 1389 3135; x_wconf 89' lang='lat' dir='ltr'>Fickerti</span> 
     </span>
     <span class='ocr_line' id='line_1_25' title="bbox 162 3187 1389 3272; baseline -0.002 -20"><span class='ocrx_word' id='word_1_222' title='bbox 162 3190 311 3268; x_wconf 84' lang='lat' dir='ltr'>congerie</span> <span class='ocrx_word' id='word_1_223' title='bbox 335 3191 514 3264; x_wconf 89' lang='lat' dir='ltr'>corradere,</span> <span class='ocrx_word' id='word_1_224' title='bbox 547 3189 631 3251; x_wconf 89' lang='lat' dir='ltr'>haud</span> <span class='ocrx_word' id='word_1_225' title='bbox 662 3191 774 3254; x_wconf 92' lang='lat' dir='ltr'>dubius</span> <span class='ocrx_word' id='word_1_226' title='bbox 797 3191 870 3272; x_wconf 93' lang='lat' dir='ltr'>quin</span> <span class='ocrx_word' id='word_1_227' title='bbox 895 3191 959 3252; x_wconf 90' lang='lat' dir='ltr'>eius</span> <span class='ocrx_word' id='word_1_228' title='bbox 983 3209 1119 3272; x_wconf 89' lang='lat' dir='ltr'>operosa</span> <span class='ocrx_word' id='word_1_229' title='bbox 1142 3198 1173 3250; x_wconf 92' lang='lat' dir='ltr'>et</span> <span class='ocrx_word' id='word_1_230' title='bbox 1197 3187 1389 3270; x_wconf 89' lang='lat' dir='ltr'>permolesta</span> 
     </span>
     <span class='ocr_line' id='line_1_26' title="bbox 162 3304 1389 3386; baseline -0.001 -20"><span class='ocrx_word' id='word_1_231' title='bbox 162 3304 322 3384; x_wconf 89' lang='lat' dir='ltr'>diligentia</span> <span class='ocrx_word' id='word_1_232' title='bbox 345 3305 564 3367; x_wconf 87' lang='lat' dir='ltr'>obscurandae</span> <span class='ocrx_word' id='word_1_233' title='bbox 584 3306 627 3366; x_wconf 92' lang='lat' dir='ltr'>rei</span> <span class='ocrx_word' id='word_1_234' title='bbox 643 3305 744 3386; x_wconf 90' lang='lat' dir='ltr'>magis</span> <span class='ocrx_word' id='word_1_235' title='bbox 759 3325 854 3386; x_wconf 88' lang='lat' dir='ltr'>quarn</span> <span class='ocrx_word' id='word_1_236' title='bbox 872 3305 1080 3368; x_wconf 89' lang='lat' dir='ltr'>declarandae</span> <span class='ocrx_word' id='word_1_237' title='bbox 1095 3305 1211 3366; x_wconf 91' lang='lat' dir='ltr'>idonea</span> <span class='ocrx_word' id='word_1_238' title='bbox 1226 3323 1278 3365; x_wconf 91' lang='lat' dir='ltr'>me</span> <span class='ocrx_word' id='word_1_239' title='bbox 1294 3323 1389 3386; x_wconf 92' lang='lat' dir='ltr'>saepe</span> 
     </span>
     <span class='ocr_line' id='line_1_27' title="bbox 162 3418 1388 3502; baseline -0.002 -21"><span class='ocrx_word' id='word_1_240' title='bbox 162 3420 323 3500; x_wconf 90' lang='lat' dir='ltr'>deceperit</span> <span class='ocrx_word' id='word_1_241' title='bbox 354 3421 494 3482; x_wconf 91' lang='lat' dir='ltr'>invitum.</span> <span class='ocrx_word' id='word_1_242' title='bbox 547 3419 706 3482; x_wconf 87' lang='lat' dir='ltr'>Etextus</span> <span class='ocrx_word' id='word_1_243' title='bbox 730 3418 832 3482; x_wconf 86' lang='lat' dir='ltr'>forma</span> <span class='ocrx_word' id='word_1_244' title='bbox 856 3419 982 3482; x_wconf 90' lang='lat' dir='ltr'>Kochio</span> <span class='ocrx_word' id='word_1_245' title='bbox 1004 3420 1141 3502; x_wconf 90' lang='lat' dir='ltr'>probata</span> <span class='ocrx_word' id='word_1_246' title='bbox 1164 3418 1237 3482; x_wconf 92' lang='lat' dir='ltr'>nihil</span> <span class='ocrx_word' id='word_1_247' title='bbox 1262 3421 1388 3493; x_wconf 90' lang='lat' dir='ltr'>mutavi,</span> 
     </span>
     <span class='ocr_line' id='line_1_28' title="bbox 161 3534 1387 3616; baseline 0.001 -22"><span class='ocrx_word' id='word_1_248' title='bbox 161 3535 218 3595; x_wconf 92' lang='lat' dir='ltr'>nisi</span> <span class='ocrx_word' id='word_1_249' title='bbox 241 3537 329 3615; x_wconf 89' lang='lat' dir='ltr'>quod</span> <span class='ocrx_word' id='word_1_250' title='bbox 352 3534 466 3609; x_wconf 92' lang='lat' dir='ltr'>semel,</span> <span class='ocrx_word' id='word_1_251' title='bbox 498 3556 527 3615; x_wconf 90' lang='lat' dir='ltr'>p.</span> <span class='ocrx_word' id='word_1_252' title='bbox 553 3541 580 3608; x_wconf 81' lang='lat'>8,</span> <span class='ocrx_word' id='word_1_253' title='bbox 606 3535 656 3609; x_wconf 80' lang='lat'>27,</span> <span class='ocrx_word' id='word_1_254' title='bbox 681 3537 901 3610; x_wconf 91' lang='lat' dir='ltr'>coniecturam,</span> <span class='ocrx_word' id='word_1_255' title='bbox 925 3556 1021 3616; x_wconf 90' lang='lat' dir='ltr'>quam</span> <span class='ocrx_word' id='word_1_256' title='bbox 1044 3534 1094 3598; x_wconf 91' lang='lat' dir='ltr'>ille</span> <span class='ocrx_word' id='word_1_257' title='bbox 1117 3535 1148 3597; x_wconf 95' lang='lat' dir='ltr'>in</span> <span class='ocrx_word' id='word_1_258' title='bbox 1171 3536 1316 3596; x_wconf 91' lang='lat' dir='ltr'>ordinem</span> <span class='ocrx_word' id='word_1_259' title='bbox 1340 3555 1387 3596; x_wconf 92' lang='lat' dir='ltr'>re-</span> 
     </span>
     <span class='ocr_line' id='line_1_29' title="bbox 160 3650 1388 3731; baseline -0.002 -19"><span class='ocrx_word' id='word_1_260' title='bbox 160 3657 299 3729; x_wconf 87' lang='lat' dir='ltr'>ceperat,</span> <span class='ocrx_word' id='word_1_261' title='bbox 322 3654 433 3710; x_wconf 81' lang='lat' dir='ltr'>medicu</span> <span class='ocrx_word' id='word_1_262' title='bbox 457 3652 606 3727; x_wconf 70' lang='lat' dir='ltr'>obliquati,</span> <span class='ocrx_word' id='word_1_263' title='bbox 629 3651 702 3731; x_wconf 88' lang='lat' dir='ltr'>quia</span> <span class='ocrx_word' id='word_1_264' title='bbox 725 3651 799 3712; x_wconf 91' lang='lat' dir='ltr'>mihi</span> <span class='ocrx_word' id='word_1_265' title='bbox 822 3651 913 3713; x_wconf 88' lang='lat' dir='ltr'>nimis</span> <span class='ocrx_word' id='word_1_266' title='bbox 936 3651 1053 3713; x_wconf 89' lang='lat' dir='ltr'>incerta</span> <span class='ocrx_word' id='word_1_267' title='bbox 1075 3650 1142 3713; x_wconf 91' lang='lat' dir='ltr'>visa</span> <span class='ocrx_word' id='word_1_268' title='bbox 1164 3659 1221 3722; x_wconf 89' lang='lat' dir='ltr'>est,</span> <span class='ocrx_word' id='word_1_269' title='bbox 1245 3651 1388 3713; x_wconf 88' lang='lat' dir='ltr'>restituta</span> 
     </span>
     <span class='ocr_line' id='line_1_30' title="bbox 160 3764 1386 3845; baseline -0.002 -17"><span class='ocrx_word' id='word_1_270' title='bbox 160 3764 314 3828; x_wconf 89' lang='lat' dir='ltr'>tralaticia</span> <span class='ocrx_word' id='word_1_271' title='bbox 337 3766 504 3845; x_wconf 88' lang='lat' dir='ltr'>scriptura,</span> <span class='ocrx_word' id='word_1_272' title='bbox 527 3770 640 3827; x_wconf 77' lang='lat' dir='ltr'>meliori</span> <span class='ocrx_word' id='word_1_273' title='bbox 664 3785 753 3840; x_wconf 77' lang='lat' dir='ltr'>casu,</span> <span class='ocrx_word' id='word_1_274' title='bbox 777 3767 808 3826; x_wconf 91' lang='lat' dir='ltr'>in</span> <span class='ocrx_word' id='word_1_275' title='bbox 831 3767 1073 3828; x_wconf 89' lang='lat' dir='ltr'>adnotationem</span> <span class='ocrx_word' id='word_1_276' title='bbox 1096 3767 1203 3829; x_wconf 88' lang='lat' dir='ltr'>reieci:</span> <span class='ocrx_word' id='word_1_277' title='bbox 1237 3767 1294 3827; x_wconf 86' lang='lat' dir='ltr'>sed</span> <span class='ocrx_word' id='word_1_278' title='bbox 1317 3773 1386 3825; x_wconf 90' lang='lat' dir='ltr'>tum</span> 
     </span>
    </p>
   </div>
   <div class='ocr_carea' id='block_1_3' title="bbox 159 3861 1386 3964">
    <p class='ocr_par' dir='ltr' id='par_1_3' title="bbox 159 3861 1386 3964">
     <span class='ocr_line' id='line_1_31' title="bbox 159 3861 1386 3964; baseline -0.001 -23"><span class='ocrx_word' id='word_1_279' title='bbox 159 3881 303 3942; x_wconf 90' lang='lat' dir='ltr'>nondum</span> <span class='ocrx_word' id='word_1_280' title='bbox 326 3861 420 3961; x_wconf 88' lang='lat' dir='ltr'>plene</span> <span class='ocrx_word' id='word_1_281' title='bbox 442 3881 517 3962; x_wconf 92' lang='lat' dir='ltr'>quid</span> <span class='ocrx_word' id='word_1_282' title='bbox 537 3879 617 3942; x_wconf 89' lang='lat' dir='ltr'>haec</span> <span class='ocrx_word' id='word_1_283' title='bbox 636 3900 720 3942; x_wconf 89' lang='lat' dir='ltr'>nova</span> <span class='ocrx_word' id='word_1_284' title='bbox 735 3882 876 3944; x_wconf 90' lang='lat' dir='ltr'>recensio</span> <span class='ocrx_word' id='word_1_285' title='bbox 891 3880 985 3944; x_wconf 79' lang='lat' dir='ltr'>ferret</span> <span class='ocrx_word' id='word_1_286' title='bbox 1001 3877 1202 3964; x_wconf 86' lang='lat' dir='ltr'>exploratum</span> <span class='ocrx_word' id='word_1_287' title='bbox 1218 3879 1386 3951; x_wconf 90' lang='lat' dir='ltr'>habebam,</span> 
     </span>
    </p>
   </div>
   <div class='ocr_carea' id='block_1_4' title="bbox 156 3987 1386 4540">
    <p class='ocr_par' dir='ltr' id='par_1_4' title="bbox 156 3987 1386 4540">
     <span class='ocr_line' id='line_1_32' title="bbox 159 3987 1386 4077; baseline -0.002 -19"><span class='ocrx_word' id='word_1_288' title='bbox 159 4006 274 4077; x_wconf 90' lang='lat' dir='ltr'>postea</span> <span class='ocrx_word' id='word_1_289' title='bbox 304 4004 498 4077; x_wconf 87' lang='lat' dir='ltr'>pertractato</span> <span class='ocrx_word' id='word_1_290' title='bbox 521 3987 627 4058; x_wconf 86' lang='lat' dir='ltr'>libello</span> <span class='ocrx_word' id='word_1_291' title='bbox 650 3995 790 4058; x_wconf 88' lang='lat' dir='ltr'>intellexi</span> <span class='ocrx_word' id='word_1_292' title='bbox 813 3996 888 4058; x_wconf 93' lang='lat' dir='ltr'>mihi</span> <span class='ocrx_word' id='word_1_293' title='bbox 910 4017 974 4058; x_wconf 92' lang='lat' dir='ltr'>non</span> <span class='ocrx_word' id='word_1_294' title='bbox 998 3995 1090 4058; x_wconf 89' lang='lat' dir='ltr'>licere</span> <span class='ocrx_word' id='word_1_295' title='bbox 1112 3995 1191 4058; x_wconf 91' lang='lat' dir='ltr'>illius</span> <span class='ocrx_word' id='word_1_296' title='bbox 1215 3993 1386 4058; x_wconf 89' lang='lat' dir='ltr'>rationibus</span> 
     </span>
     <span class='ocr_line' id='line_1_33' title="bbox 159 4110 1386 4194; baseline -0.003 -20"><span class='ocrx_word' id='word_1_297' title='bbox 159 4131 267 4174; x_wconf 91' lang='lat' dir='ltr'>meum</span> <span class='ocrx_word' id='word_1_298' title='bbox 292 4112 491 4193; x_wconf 89' lang='lat' dir='ltr'>interponere</span> <span class='ocrx_word' id='word_1_299' title='bbox 515 4110 678 4174; x_wconf 90' lang='lat' dir='ltr'>iudicium:</span> <span class='ocrx_word' id='word_1_300' title='bbox 706 4112 874 4193; x_wconf 86' lang='lat' dir='ltr'>omniaque</span> <span class='ocrx_word' id='word_1_301' title='bbox 897 4111 1004 4194; x_wconf 90' lang='lat' dir='ltr'>reliqui</span> <span class='ocrx_word' id='word_1_302' title='bbox 1028 4121 1062 4174; x_wconf 92' lang='lat' dir='ltr'>ut</span> <span class='ocrx_word' id='word_1_303' title='bbox 1086 4112 1190 4174; x_wconf 91' lang='lat' dir='ltr'>abeo</span> <span class='ocrx_word' id='word_1_304' title='bbox 1214 4110 1386 4193; x_wconf 86' lang='lat' dir='ltr'>perscripta</span> 
     </span>
     <span class='ocr_line' id='line_1_34' title="bbox 158 4225 1385 4308; baseline -0.002 -20"><span class='ocrx_word' id='word_1_305' title='bbox 158 4235 266 4301; x_wconf 90' lang='lat' dir='ltr'>erant,</span> <span class='ocrx_word' id='word_1_306' title='bbox 296 4227 327 4288; x_wconf 90' lang='lat' dir='ltr'>in</span> <span class='ocrx_word' id='word_1_307' title='bbox 358 4227 471 4308; x_wconf 87' lang='lat' dir='ltr'>quibus</span> <span class='ocrx_word' id='word_1_308' title='bbox 502 4225 619 4288; x_wconf 90' lang='lat' dir='ltr'>inutilia</span> <span class='ocrx_word' id='word_1_309' title='bbox 649 4227 739 4308; x_wconf 90' lang='lat' dir='ltr'>plura</span> <span class='ocrx_word' id='word_1_310' title='bbox 768 4247 850 4308; x_wconf 89' lang='lat' dir='ltr'>quae</span> <span class='ocrx_word' id='word_1_311' title='bbox 881 4226 955 4290; x_wconf 89' lang='lat' dir='ltr'>mihi</span> <span class='ocrx_word' id='word_1_312' title='bbox 986 4227 1115 4308; x_wconf 92' lang='lat' dir='ltr'>quidem</span> <span class='ocrx_word' id='word_1_313' title='bbox 1146 4227 1213 4288; x_wconf 89' lang='lat' dir='ltr'>visa</span> <span class='ocrx_word' id='word_1_314' title='bbox 1251 4235 1322 4286; x_wconf 89' lang='lat' dir='ltr'>sunt</span> <span class='ocrx_word' id='word_1_315' title='bbox 1354 4235 1385 4286; x_wconf 88' lang='lat' dir='ltr'>et</span> 
     </span>
     <span class='ocr_line' id='line_1_35' title="bbox 157 4339 1386 4423; baseline -0.002 -19"><span class='ocrx_word' id='word_1_316' title='bbox 157 4343 318 4422; x_wconf 91' lang='lat' dir='ltr'>quaedam</span> <span class='ocrx_word' id='word_1_317' title='bbox 349 4342 442 4423; x_wconf 85' lang='lat' dir='ltr'>plane</span> <span class='ocrx_word' id='word_1_318' title='bbox 472 4361 623 4423; x_wconf 88' lang='lat' dir='ltr'>perversa</span> <span class='ocrx_word' id='word_1_319' title='bbox 652 4351 706 4404; x_wconf 90' lang='lat' dir='ltr'>aut</span> <span class='ocrx_word' id='word_1_320' title='bbox 736 4342 778 4403; x_wconf 92' lang='lat' dir='ltr'>ab</span> <span class='ocrx_word' id='word_1_321' title='bbox 801 4343 888 4404; x_wconf 93' lang='lat' dir='ltr'>omni</span> <span class='ocrx_word' id='word_1_322' title='bbox 910 4341 1134 4423; x_wconf 89' lang='lat' dir='ltr'>probabilitate</span> <span class='ocrx_word' id='word_1_323' title='bbox 1157 4341 1269 4417; x_wconf 85' lang='lat' dir='ltr'>aliena,</span> <span class='ocrx_word' id='word_1_324' title='bbox 1300 4339 1386 4402; x_wconf 89' lang='lat' dir='ltr'>velut</span> 
     </span>
     <span class='ocr_line' id='line_1_36' title="bbox 156 4458 1385 4540; baseline -0.004 -18"><span class='ocrx_word' id='word_1_325' title='bbox 156 4478 187 4539; x_wconf 92' lang='lat' dir='ltr'>p.</span> <span class='ocrx_word' id='word_1_326' title='bbox 213 4459 264 4533; x_wconf 87' lang='grc'>37,</span> <span class='ocrx_word' id='word_1_327' title='bbox 290 4458 308 4520; x_wconf 90' lang='grc'><strong>3</strong></span> <span class='ocrx_word' id='word_1_328' title='bbox 332 4475 486 4535; x_wconf 70' lang='lat' dir='ltr'>neposque</span> <span class='ocrx_word' id='word_1_329' title='bbox 510 4463 623 4520; x_wconf 84' lang='lat' dir='ltr'>delirae</span> <span class='ocrx_word' id='word_1_330' title='bbox 644 4463 747 4520; x_wconf 78' lang='lat' dir='ltr'>meotis</span> <span class='ocrx_word' id='word_1_331' title='bbox 770 4477 862 4534; x_wconf 67' lang='lat' dir='ltr'>opens</span> <span class='ocrx_word' id='word_1_332' title='bbox 884 4466 938 4519; x_wconf 89' lang='lat' dir='ltr'>aut</span> <span class='ocrx_word' id='word_1_333' title='bbox 961 4480 991 4540; x_wconf 90' lang='lat' dir='ltr'>p.</span> <span class='ocrx_word' id='word_1_334' title='bbox 1009 4461 1059 4531; x_wconf 76' lang='lat'>54,</span> <span class='ocrx_word' id='word_1_335' title='bbox 1078 4459 1117 4518; x_wconf 73' lang='lat'>25</span> <span class='ocrx_word' id='word_1_336' title='bbox 1136 4476 1266 4534; x_wconf 79' lang='lat' dir='ltr'>prorsus</span> <span class='ocrx_word' id='word_1_337' title='bbox 1275 4475 1385 4534; x_wconf 84' lang='lat' dir='ltr'>purum</span> 
     </span>
    </p>
   </div>
   <div class='ocr_carea' id='block_1_5' title="bbox 0 0 1622 5336">
    <p class='ocr_par' dir='ltr' id='par_1_5' title="bbox 0 0 1622 5336">
     <span class='ocr_line' id='line_1_37' title="bbox 0 0 1622 5336; baseline 0 2"><span class='ocrx_word' id='word_1_338' title='bbox 0 0 1622 5336; x_wconf 95' lang='lat' dir='ltr'> </span> 
     </span>
    </p>
   </div>
  </div>
 </body>
</html>
