3212 5326
439 325 520 369 DlAli.
535 326 573 370 1v.
602 325 712 376 DElRA
724 321 779 370 Llli.
796 325 824 370 ll.
853 327 886 370 20.
903 328 935 370 21.
1259 331 1295 391 71

70 472 225 556 tuoluptas
247 471 336 536 laxat
363 473 486 536 animos
509 481 541 536 et
565 481 729 556 temperat
775 471 980 536 umidioribus
1004 469 1245 555 siccioribusque
1268 480 1301 533 et

93 580 184 662 rigidis
206 599 268 642 non
294 589 342 642 est
365 580 406 642 ab
430 580 475 642 ira
497 578 684 662 periculum,
708 581 766 642 sed
790 580 911 642 maiora
934 579 1007 640 uitia
1031 578 1202 641 metuenda
1221 587 1302 654 sunt,

92 705 177 768 pauor
198 694 229 748 et
252 685 419 750 difficultas
443 693 475 748 et
498 686 678 768 desperatio
703 695 734 749 et
757 687 959 768 suspiciones,
1005 682 1176 746 mollienda
1197 685 1303 768 itaque

21 832 24 846 -
94 792 273 875 fouendaque
304 792 379 856 talia
409 792 533 874 ingenia
563 801 596 856 et
627 793 658 855 in
689 792 839 856 laetitiam
864 791 1027 854 euocanda
1049 799 1130 855 sunt.
1176 799 1208 853 et
1231 791 1304 874 quia

94 900 147 962 aliis
167 907 274 968 contra
296 900 389 976 iram,
420 897 486 962 aliis
510 908 621 964 contra
643 899 799 964 tristitiam
824 898 969 962 remediis
993 899 1146 960 utendum
1171 908 1219 960 cst
1242 917 1329 960 necs

94 1005 283 1068 dissimillimis
314 1014 438 1069 tantum
469 1007 542 1082 ista,
572 1007 631 1069 sed
659 1006 821 1070 contrariis
845 1006 984 1068 curanda
1007 1013 1094 1081 sunt,
1125 1023 1251 1086 semper
1275 1003 1303 1066 ei

93 1132 276 1175 occurremus
299 1111 386 1194 quod
410 1112 582 1175 increuerit.

69 1229 77 1279 1
166 1217 250 1280 XXI.
291 1217 477 1296 Plurimum,
509 1219 653 1301 inquam,
684 1215 825 1300 proderit
855 1237 971 1301 pueros
1002 1217 1108 1280 statim
1139 1215 1304 1279 salubriter

91 1324 204 1399 institui,
234 1323 359 1388 difficile
390 1333 496 1388 autem
528 1326 669 1408 regimen
693 1333 754 1401 est,
782 1326 855 1407 quia
882 1325 960 1386 dare
983 1323 1138 1386 debemus
1161 1342 1302 1405 operam,

66 1439 124 1492 ‘ine
150 1440 200 1492 aut
227 1432 305 1494 iram
329 1431 360 1493 in
384 1431 440 1494 illis
463 1434 636 1496 nutriamus
659 1440 714 1495 aut
736 1429 875 1494 indolem
900 1431 1114 1493 retundamus.
1161 1429 1302 1510 diligenti
1319 1444 1343 1486 1⁰

92 1537 298 1600 obseruatione
321 1558 370 1600 res
394 1538 521 1620 indiget.
569 1547 736 1620 utrumque
760 1538 843 1600 enim
866 1545 900 1600 et
922 1537 1010 1619 quod
1032 1535 1253 1599 extollendum
1269 1544 1302 1598 et

92 1644 164 1725 quod
194 1644 434 1726 deprimendum
467 1655 528 1721 est,
559 1645 710 1708 similibus
738 1644 837 1708 alitur.
881 1642 971 1706 facile
994 1651 1101 1706 autem
1125 1644 1220 1706 etiam
1244 1642 1300 1704 ad-

67 1751 259 1813 itendentem
302 1749 412 1813 similia
451 1751 618 1834 decipiunt.
673 1752 784 1815 crescit
820 1750 945 1814 licentia
975 1750 1113 1832 spiritus,
1152 1749 1302 1812 seruitute
1338 1761 1344 1772 '

93 1856 304 1920 comminuitur.
344 1855 492 1939 adsurgit,
516 1859 541 1920 si
564 1857 718 1934 laudatur,
742 1858 829 1920 etin
852 1877 942 1940 spem
966 1857 1012 1920 sui
1036 1856 1154 1919 bonam
1173 1855 1302 1919 adduci-

92 1971 142 2037 tur,
170 1963 225 2024 sed
255 1964 370 2025 eadem
401 1956 461 2027 ista
491 1963 689 2026 insolentiam
714 1971 746 2026 et
769 1951 961 2026 iracundiam
985 1971 1154 2044 generant:
1196 1963 1302 2043 itaque
1319 1976 1342 2018 1⁵

91 2068 126 2129 sic
151 2069 226 2131 inter
257 2078 426 2152 utrumque
457 2070 614 2152 regendus
643 2078 704 2146 est,
735 2078 770 2133 ut
793 2071 892 2133 modo
916 2068 1009 2132 frenis
1032 2077 1170 2144 utamur,
1202 2067 1302 2130 modo

66 2173 213 2239 lstimulis.
259 2173 335 2237 nihil
357 2174 482 2252 humile,
505 2175 580 2238 nihil
603 2176 714 2240 seruile
737 2178 881 2258 patiatur.
928 2195 1100 2258 numquam
1117 2173 1158 2236 illi
1173 2193 1302 2235 necesse

90 2281 121 2341 sit
147 2302 255 2362 rogare
287 2281 467 2364 suppliciter
497 2302 556 2346 nec
588 2284 689 2364 prosit
719 2301 863 2364 rogasse,
893 2282 998 2364 potius
1031 2300 1144 2344 causae
1172 2299 1247 2342 suae
1270 2288 1303 2342 et

66 2395 76 2445 i
91 2387 228 2466 prioribus
259 2388 349 2450 sactis
380 2396 413 2450 et
440 2387 531 2451 bonis
555 2388 585 2450 in
609 2387 747 2452 futurum
770 2389 933 2470 promissis
957 2389 1100 2450 donetur.
1146 2388 1177 2452 in
1201 2395 1299 2449 certa-

92 2493 210 2556 minibus
247 2493 425 2577 aequalium
454 2515 513 2558 nec
543 2495 621 2576 ringi
643 2493 730 2557 illurn
760 2497 917 2578 patiamur
947 2514 1006 2558 nec
1036 2494 1133 2556 irasci.
1187 2494 1300 2556 demus
1315 2507 1341 2547 2⁰

91 2619 219 2680 operam,
250 2609 285 2662 ut
308 2599 465 2664 familiaris
488 2602 528 2663 sit
550 2602 602 2678 iis,
633 2622 705 2665 cum
729 2603 842 2684 quibus
866 2603 1060 2665 contendere
1082 2599 1182 2676 solet,
1214 2609 1249 2661 ut
1271 2600 1302 2660 in

90 2706 243 2768 certamine
260 2708 428 2770 adsuescat
443 2727 507 2770 non
523 2729 639 2770 nocere
654 2707 742 2784 uelle,
765 2709 822 2770 sed
837 2710 970 2770 uincere.
1008 2707 1155 2789 quotiens
1171 2725 1299 2789 supera·

29 2853 34 2870 .
90 2813 155 2874 uerit
176 2822 207 2875 et
233 2814 364 2895 dignum
388 2812 504 2897 aliquid
527 2813 621 2878 laude
644 2813 760 2890 fecerit,
783 2814 893 2890 attolli,
916 2833 979 2877 non
1004 2815 1119 2894 gestire
1134 2813 1299 2895 patiamur.
1392 2891 1394 2896 ,

90 2921 223 2997 gaudium
255 2921 339 2982 enim
368 2918 535 2996 exultatio,
567 2919 795 3010 exultationem
820 2930 927 2983 tumor
950 2929 982 2982 et
1005 2921 1100 2983 nimia
1122 2918 1300 2982 aestimatio

64 3033 75 3080 t
89 3024 126 3085 sui
138 3027 281 3108 sequitur.
314 3025 459 3090 dabimus
475 3026 602 3109 aliquod
618 3026 846 3102 laxamentum,
869 3027 899 3088 in
916 3025 1069 3090 desidiam
1093 3045 1169 3088 uero
1185 3025 1299 3087 otium·
1315 3037 1341 3077 ²⁵

88 3149 139 3210 que
166 3153 229 3194 non
257 3131 453 3196 resoluemus
481 3141 514 3196 et
536 3133 646 3215 procul
670 3156 690 3196 a
712 3143 858 3196 contactu
883 3127 1064 3195 deliciarum
1087 3132 1299 3195 retinebimus.

87 3235 149 3299 nihil
171 3239 253 3302 enim
278 3241 380 3320 magis
404 3239 476 3303 lacit
499 3239 664 3302 iracundos
687 3261 784 3322 quam
809 3241 954 3304 educatio
979 3239 1081 3301 mollis
1105 3247 1137 3302 et
1160 3238 1296 3301 blanda:

87 3341 148 3405 ideo
163 3345 258 3407 unicis
273 3365 337 3428 quo
353 3345 424 3428 plus
439 3345 627 3426 indulgetur,
650 3346 837 3429 pupillisque
852 3367 916 3429 quo
932 3344 1002 3429 plus
1021 3345 1101 3420 licet,
1125 3345 1300 3428 corruptior

87 3449 193 3514 animus
224 3460 281 3514 est.
326 3472 391 3514 non
421 3452 547 3514 resistet
578 3452 705 3515 offensis
735 3453 783 3514 cui
807 3451 880 3515 nihil
904 3471 1043 3534 unquam
1067 3459 1218 3530 negatum
1242 3461 1299 3526 est,

86 3555 159 3618 cuius
187 3556 331 3620 lacrimas
354 3555 486 3621 sollicita
508 3577 635 3641 semper
657 3567 760 3621 mater
782 3559 942 3642 apstersit,
973 3557 1021 3620 cui
1044 3556 1085 3620 de
1107 3559 1340 3639 paedagogum

63 3660 264 3726 rsatisiactum
288 3671 345 3727 est.
391 3684 455 3726 non
478 3664 575 3739 uides,
598 3674 634 3727 ut
656 3664 809 3727 maiorem
832 3685 991 3746 quamque
1014 3663 1174 3727 fortunam
1199 3664 1300 3726 maior

89 3764 123 3829 ira
143 3771 326 3832 comitetur?
358 3769 388 3830 in
412 3769 560 3831 diuitibus
584 3779 616 3833 et
639 3768 797 3832 nobilibus
820 3779 853 3832 et
876 3770 1112 3850 magistratibus
1132 3771 1299 3852 praecipue

148 3979 345 4037 [humidioribs
372 3980 466 4047 (totum
486 3979 513 4032 iu
532 3981 600 4046 rus.)
681 3981 711 4034 13
736 3983 823 4030 crescit
841 3995 912 4033 uuus
931 3979 1110 4034 deteriorum:
1137 3987 1229 4030 crescet

89 4063 113 4115 ll
130 4071 227 4132 assurgit
246 4068 336 4138 (prior
353 4085 364 4118 s
384 4067 469 4134 corr.)
562 4069 593 4120 15
613 4070 695 4134 itaque
713 4070 748 4119 sic
767 4067 837 4135 cod„
856 4071 892 4119 sic
911 4071 992 4134 itaque
1011 4068 1093 4139 uulgo
1183 4068 1217 4121 20
1236 4069 1299 4133 riugi

88 4148 165 4207 Ir'om:
190 4159 255 4208 uinci
275 4155 343 4220 cod,
369 4154 444 4226 quod
468 4154 543 4209 nullo
565 4164 649 4226 puoto
674 4156 737 4211 uoci
760 4157 845 4210 irasci
862 4171 1001 4227 opponere
1020 4156 1097 4214 licem
1123 4172 1210 4226 ueque
1230 4170 1297 4226 pro·

89 4236 166 4296 libere
185 4252 314 4314 poteraut
330 4250 527 4316 praeceptores
545 4245 688 4314 quominus
712 4246 739 4298 iu
763 4244 954 4300 certaminibus
973 4243 1028 4298 illis
1047 4244 1180 4299 (alteruter
1198 4260 1297 4314 aequu-

93 4322 144 4382 lt'um
160 4333 274 4388 uinceret
352 4334 386 4387 21
406 4327 535 4384 familiaris
633 4335 667 4388 22
687 4341 808 4385 assuescat
828 4333 918 4404 (prior
937 4352 948 4384 s
967 4335 1050 4402 corr.)
1130 4333 1163 4386 2ss
1183 4338 1298 4384 contactu

93 4411 233 4484 deteriores:
252 4426 347 4474 Etractu
420 4421 455 4475 30
474 4424 586 4472 abstersit
1278 4431 1280 4436 ’
