3212 5318
308 357 388 406 ΜΔΕ.
403 356 431 402 X.
460 359 503 402 AD
518 355 673 402 rnvuttvn
688 355 729 400 DE
743 357 913 402 nsavmm
926 355 1024 402 VITAE.
1047 359 1067 404 ².
1083 359 1103 402 8.
1253 361 1315 428 223

9 507 10 520 ¹
104 514 196 568 torum
227 503 413 587 eloquentia
443 503 603 568 cotidiano
635 503 816 568 ostentandi
847 503 962 585 ingenii
993 503 1099 568 studio
1130 507 1316 586 sanguinem

104 611 215 673 educit?
249 629 349 693 quam
381 608 470 674 multi
501 609 654 674 continuis
682 607 899 690 uoluptatibus
922 607 1060 692 pallent?
1091 629 1187 690 quam
1212 611 1316 674 multis

10 785 11 802 χ
103 715 167 780 nihil
188 715 281 780 liberi
304 716 449 799 relinquit
473 713 677 780 circumfusus
700 712 856 778 clientium
877 714 1033 797 populus?
1058 716 1160 778 omnis
1182 717 1317 798 denique

10 835 11 840 ’
102 824 168 886 istos
189 824 241 888 ab
259 823 374 886 infimis
398 843 496 905 usque
520 825 561 886 ad
585 842 729 886 summos
745 841 889 902 pererra:
916 821 966 884 hic
982 823 1127 897 aduocat,
1152 821 1202 886 hic¹
1217 824 1315 888 adest.

10 935 11 964 ³
100 930 142 992 ilie
155 929 359 1011 periclitatur,
375 931 426 994 ille
443 929 593 1005 defendit,
608 927 659 992 ille
674 927 794 991 iudicat.
828 947 924 992 nemo
939 949 974 994 se
989 928 1048 990 sibi
1064 930 1208 992 uindicat.
1240 930 1315 994 alius
1331 947 1365 986 t·

11 1045 12 1064 ³
100 1037 124 1098 in
137 1035 233 1100 alium
249 1037 451 1102 consumitur.
471 1033 649 1116 'interroga
664 1035 705 1097 de
720 1035 794 1109 istis,
818 1055 953 1116 quorum
969 1036 1099 1098 uomina
1114 1036 1313 1100 ediscuntur:

99 1141 139 1204 his
152 1141 225 1206 iilos
240 1143 385 1224 dignosci
400 1141 523 1206 uidebis
539 1143 641 1206 notis:
667 1139 717 1204 ille
739 1138 818 1204 illius
841 1139 943 1204 cultor
966 1150 1024 1217 est,
1047 1140 1098 1204 hic
1120 1141 1207 1206 illius.
1243 1163 1316 1206 suus

72 1263 184 1314 lnemo
211 1257 270 1312 est
303 1251 419 1314 deinde
435 1249 674 1314 dementissima
688 1247 888 1329 quorundam
904 1247 1079 1328 indignatio
1094 1258 1149 1312 est.
1181 1269 1315 1332 querun-

11 1389 12 1410 2
98 1361 141 1416 tur
161 1353 205 1416 de
230 1356 426 1438 superiorum
451 1353 591 1430 fastidio,
615 1353 703 1436 quod
726 1354 801 1433 ipsis
824 1353 912 1417 adire
934 1351 1113 1418 uolentibus
1137 1375 1201 1418 non
1224 1375 1315 1420 uaca-

98 1462 212 1526 uerint:
248 1461 346 1526 audet
376 1463 541 1544 quisquam
573 1460 614 1526 de
637 1457 763 1524 alterius
785 1458 933 1542 superbia
955 1461 1059 1541 queri,
1090 1462 1143 1542 qui
1166 1461 1225 1526 sibi
1248 1464 1316 1544 ipse
1332 1475 1356 1516 10

96 1585 266 1648 numquam
297 1570 409 1632 uacet?
445 1565 495 1630 ille
526 1575 634 1632 tamen
664 1573 713 1640 te,
743 1567 884 1646 quisquis
914 1573 978 1641 est,
1013 1564 1158 1629 insolenti
1188 1566 1316 1649 quidem

96 1670 186 1750 uoltu,
213 1673 273 1736 sed
295 1671 464 1754 aliquando
488 1673 638 1754 respexit.
669 1669 719 1734 ille
742 1690 833 1732 aures
855 1691 927 1734 suas
943 1672 984 1736 ad
1000 1679 1054 1734 tua
1070 1671 1167 1736 uerba
1183 1673 1316 1739 demisit

95 1777 140 1840 ille
161 1787 196 1842 te
222 1779 264 1842 ad
288 1777 370 1844 latus
392 1799 483 1844 suum
507 1781 644 1859 recepit:
679 1785 714 1840 tu
737 1797 801 1840 non
825 1777 977 1858 inspicere
999 1787 1032 1842 te
1056 1799 1221 1860 umquam,
1252 1799 1316 1842 non

95 1887 198 1948 audire
232 1886 381 1967 dignatus
412 1903 453 1952 es
500 1905 564 1950 non
596 1892 645 1947 est
675 1885 796 1965 itaque,
828 1885 917 1965 quod
947 1886 1007 1948 ista
1038 1883 1142 1948 officia
1172 1886 1316 1968 cuiquam

94 1993 231 2073 inputes¹
263 1993 413 2072 quoniam
444 1991 589 2073 quidem,
620 2009 692 2052 cum
722 1989 774 2052 illa
804 1988 940 2066 iaceres,
970 2011 1035 2054 non
1066 2011 1136 2054 esse
1159 2011 1231 2054 cum
1254 1991 1316 2054 alio
1332 2005 1356 2046 ¹⁵

95 2098 233 2173 uolebas,
257 2099 315 2162 sed
338 2107 444 2164 tecum
468 2117 538 2162 esse
561 2117 625 2160 non
648 2105 785 2178 poteras.

69 2218 76 2268 1
176 2204 232 2268 IIL
281 2202 399 2270 Omnia
428 2203 517 2280 licet,
547 2222 628 2286 quac
659 2196 809 2285 umquam
841 2204 966 2282 ingenia
996 2201 1163 2278 fulserunt,
1192 2206 1224 2266 in
1254 2203 1316 2266 hoc
1386 2282 1388 2288 Ι

93 2331 184 2374 unum
211 2313 425 2387 consentiant,
453 2329 627 2393 numquam
651 2311 728 2372 satis
750 2309 832 2372 hanc
854 2309 1063 2372 humanarum
1087 2313 1240 2374 mentium
1263 2329 1314 2374 ca·

93 2416 219 2498 liginem
243 2417 457 2482 mirabuntur:
491 2415 620 2500 praedia
642 2436 698 2478 sua
721 2417 868 2498 occupari
892 2435 911 2479 a
934 2414 1018 2478 nullo
1042 2418 1203 2498 patiuntur
1226 2426 1268 2492 et,
1290 2417 1315 2480 si

93 2527 209 2606 exigua
222 2524 404 2590 *contentio
436 2532 484 2589 est
515 2525 556 2588 de
587 2524 687 2586 modo
718 2521 843 2597 finium,
873 2523 914 2584 ad
942 2521 1063 2606 lapides
1086 2531 1118 2586 et
1142 2543 1231 2586 arma
1253 2525 1314 2588 dis·
1330 2537 1356 2578 ²⁰

92 2639 237 2694 currunt:
271 2630 303 2692 in
335 2633 432 2695 uitam
451 2650 552 2696 suam
584 2629 730 2693 incedere
760 2628 837 2692 alios
867 2629 988 2703 sinunt,
1021 2631 1120 2692 immo
1152 2649 1228 2692 uero
1258 2632 1316 2711 ipsi

93 2739 187 2800 etiarn
227 2756 428 2817 possessores
467 2740 532 2800 eius
570 2735 691 2799 futuros
721 2737 881 2798 inducunt.
928 2755 1024 2798 nemo
1054 2737 1225 2811 inuenitur,
1262 2737 1316 2818 qui

92 2845 258 2925 pecuniam
290 2861 381 2906 suam
412 2844 553 2908 diuidere
584 2841 676 2906 uelit:
711 2843 808 2906 uitam
839 2844 1052 2923 unusquisque
1082 2861 1178 2922 quam
1210 2842 1315 2906 multis

93 2949 271 3016 distribuit?
310 2951 452 3026 adstricti
488 2958 561 3013 sunt
599 2950 630 3012 in
669 2949 861 3020 continendo
899 2949 1110 3030 patrimonio:
1152 2947 1243 3014 simul
1275 2950 1316 3012 ad

92 3058 246 3122 iacturam
270 3059 425 3138 temporis
448 3064 585 3120 uentum.
603 3064 660 3131 est,
683 3053 887 3137 profusissimi
910 3055 941 3118 in
965 3073 1013 3130 eo,
1038 3055 1123 3118 cuius
1146 3056 1235 3118 unius
1258 3055 1315 3118 ho·
1331 3070 1356 3112 2⁵

64 3173 182 3228 tnesta
205 3163 337 3226 auaritia
360 3173 431 3226 est
463 3162 540 3226 libet
563 3164 670 3243 itaque
692 3182 735 3224 ex
758 3162 917 3225 seniorum
941 3161 1034 3224 turba
1057 3160 1316 3242 conprehendere

91 3268 247 3351 aliquem:
290 3270 469 3352 peruenisse
500 3278 533 3332 te
563 3270 606 3331 ad
636 3267 782 3330 ultimum
813 3266 982 3329 terminum
1014 3270 1126 3331 aetatis
1158 3268 1316 3332 humanae

92 3376 246 3438 uidemus.
294 3376 484 3440 centesimus
506 3375 563 3440 tibi
586 3373 636 3437 uei
659 3394 754 3456 supra
776 3374 929 3456 premitur
951 3393 1071 3438 annus:
1095 3376 1250 3454 agedum,
1274 3375 1315 3436 ad

92 3641 284 3706 ieioquentias
375 3640 524 3690 cotidianos
613 3640 694 3689 studio
707 3637 831 3708 Lipsius:
853 3641 934 3704 spatio
1006 3638 1134 3704 lipererru
1147 3637 1211 3706 Olim
1226 3652 1314 3692 corn:

90 3735 183 3793 perral.
276 3727 291 3780 5
317 3729 378 3778 alius
397 3725 561 3782 deteriores:
588 3730 646 3778 aliut
665 3730 683 3793 (t
702 3727 729 3781 in
749 3729 764 3778 d
784 3727 868 3794 corr.)
959 3726 975 3779 6
1001 3727 1149 3777 consumitur
1168 3726 1237 3790 cod,
1256 3727 1318 3780 item

91 3815 177 3885 Neap.
196 3817 364 3867 consumimur
382 3813 494 3870 Fickert
512 3822 538 3870 et
557 3813 649 3869 Haase
666 3821 697 3870 ut
715 3831 754 3869 aa
773 3814 866 3869 codice
883 3829 944 3868 curn
965 3813 1072 3869 Mureto
1180 3815 1196 3868 7
1222 3815 1317 3864 dinosci

182 3907 212 3958 11
239 3907 340 3971 nunqu&
448 3904 481 3957 12
506 3907 571 3956 uultu
680 3905 715 3956 14
732 3907 845 3970 cuiquam
864 3901 964 3974 nulpo:
985 3906 1054 3971 qqutl
1162 3904 1195 3956 15
1214 3906 1317 3968 imputes

180 4001 213 4046 cu
233 3995 284 4044 alio
303 3993 342 4060 (in
360 3992 428 4062 rur.)
448 3992 516 4058 cod,
535 3993 597 4048 item
618 3991 788 4052 Gronorrt'um
809 4011 865 4044 eum
884 3995 968 4060 aliquo
985 3991 1069 4064 uulqo
1177 3991 1212 4046 17
1235 3995 1318 4056 uuqur‘t

180 4119 277 4170 inhocu
369 4117 403 4172 18
420 4122 519 4184 nunquti
609 4082 739 4177 humarent
830 4117 863 4172 19
882 4120 968 4183 predia
1059 4116 1090 4168 21
1111 4116 1225 4168 incedere
1244 4115 1318 4183 (aule

91 4275 109 4324 d
131 4272 233 4346 ailquid
250 4275 371 4342 eratum)
448 4275 496 4329 »211
516 4218 626 4343 adstricti
716 4275 750 4329 26
770 4277 947 4342 comprendere
1036 4274 1069 4330 27
1088 4276 1120 4324 ad
1140 4275 1250 4325 ultimum
1270 4269 1316 4324 ter'·
1350 4284 1355 4294 ·

91 4364 185 4415 minum
204 4366 291 4414 aetatis
310 4361 386 4418 Koch
406 4361 490 4434 (conf.
505 4363 540 4419 dc
551 4365 606 4420 olt'o
618 4367 671 4427 Μ
690 4364 748 4416 licet
761 4403 767 4416 .
782 4403 787 4418 .
802 4403 809 4420 .
823 4381 896 4430 usque
916 4367 940 4414 in
959 4366 1072 4416 ultimum,
1089 4364 1176 4414 aetatis
1194 4365 1317 4416 humanae

92 4451 221 4502 terminum
239 4453 386 4519 procedatlr
407 4454 441 4506 ad
458 4455 569 4506 ultimum
588 4456 675 4507 aetatis
