3212 5326
449 357 529 404 DIAL.
544 358 582 404 IV.
612 359 652 400 DE
667 358 720 400 IRA
735 356 790 400 ΗΒ.
806 357 836 401 11.
864 357 946 402 ibit.
1271 362 1312 423 77

72 505 256 570 tollenditur
287 505 420 568 dixerit:
456 503 537 567 haec
567 512 600 566 et
629 504 697 587 ipse
725 503 879 568 commisi.
923 503 981 566 sed
1009 504 1152 566 ubinam
1176 521 1312 583 aequum

97 612 219 675 iudicem
242 613 401 675 inuenies?
439 611 464 672 is
495 612 548 693 qui
571 609 682 674 nullius
706 630 770 674 non
794 630 930 674 uxorem
964 608 1155 691 concupiscit
1183 618 1215 671 et
1238 607 1313 670 satis

97 719 180 782 iustas
203 738 315 782 causas
337 725 428 802 putat
451 717 595 794 amandi,
625 717 713 800 quod
743 716 843 780 aliena
871 725 927 792 est,
955 717 1041 779 idem
1064 735 1199 779 uxorem
1223 733 1313 776 suam

96 825 201 908 adspici
232 846 297 888 non
327 823 402 888 uult.
456 832 489 886 et
520 823 594 886 fidei
633 829 806 888 acerrimus
846 833 978 886 exactor
1009 833 1057 886 est
1087 821 1235 905 perfidus.
1281 828 1313 883 et

97 930 250 995 mendacia
272 931 468 1014 persequitur
492 930 559 1013 ipse
582 931 731 1013 periurus.
766 938 799 992 et
821 928 908 992 litem
932 930 990 992 sibi
1013 928 1115 992 inferri
1138 926 1339 1008 aegerrimes

96 1037 289 1101 calumniator
327 1037 451 1122 patitur.
497 1035 680 1119 pudicitiam
720 1034 917 1099 seruulorum
955 1055 1084 1098 suorum
1123 1032 1314 1115 adtemptari

71 1152 150 1206 inon
171 1142 236 1206 uult
268 1144 321 1226 qui
353 1164 418 1206 non
447 1143 588 1225 pepercit
619 1163 702 1206 suae.
748 1142 850 1206 aliena
872 1143 946 1204 uitia
976 1143 1006 1204 in
1029 1139 1126 1204 oculis
1149 1139 1313 1214 habemus,

96 1260 224 1332 atergo
255 1259 364 1313 nostra
394 1259 484 1313 sunt:
526 1250 599 1312 inde
630 1257 694 1325 est,
734 1249 823 1332 quod
854 1248 1044 1331 tempestiua
1081 1246 1133 1310 filii
1170 1243 1313 1308 conuiuia

95 1367 175 1440 pater
191 1357 344 1420 >deterior
374 1355 437 1420 filio
469 1355 603 1438 castigat
634 1365 667 1418 et
690 1354 764 1418 nihil
788 1353 907 1418 alienae
937 1352 1078 1417 luxuriae
1102 1352 1236 1435 ignoscit
1259 1351 1312 1433 qui

95 1463 158 1526 nihil
186 1484 260 1526 suae
291 1461 417 1543 negauit
448 1471 479 1526 et
509 1461 689 1525 homicidae
720 1471 872 1554 tyrannps
902 1461 1042 1524 irascitur
1066 1468 1098 1522 et
1120 1459 1208 1541 punit
1230 1457 1313 1520 furta
1329 1481 1352 1522 ro

95 1569 259 1652 sacrilegus.
307 1589 425 1650 magna
447 1589 521 1653 pars
544 1568 710 1631 hominum
734 1574 783 1630 est
810 1587 891 1650 quae
914 1586 979 1629 non
1002 1566 1140 1648 peccatis
1163 1565 1311 1639 irascitur,

94 1678 143 1740 sed
178 1677 389 1759 peccantibus.
441 1674 534 1738 saciet
571 1695 631 1738 nos
669 1675 900 1738 moderatiores
938 1681 1100 1755 respectus
1138 1672 1253 1746 nostri,
1288 1671 1313 1733 si

95 1781 329 1846 consuluerimus
360 1801 438 1846 nos:
484 1781 635 1864 numquid
671 1789 704 1844 et
734 1780 792 1863 ipsi
823 1779 939 1862 aliquid
972 1778 1040 1841 'tale
1078 1777 1312 1841 commisimus?

94 1883 246 1971 numquid'
258 1890 303 1952 sic
326 1888 519 1952 errauimus?
543 1887 718 1972 expeditne
741 1886 833 1948 nobis
856 1887 916 1948 ista
939 1887 1110 1948 damnare?

71 2013 77 2064 l
172 1996 291 2058 XXIX.
314 1995 493 2058 Maximum
517 1993 692 2057 remedium
716 1992 780 2056 irae
805 2011 895 2055 mora
918 2001 975 2056 est.
1013 1990 1076 2054 hoc
1101 1989 1142 2052 ab
1164 1989 1216 2053 illa
1238 1998 1312 2072 pete
1329 2011 1352 2056 u

93 2104 185 2179 initio,
222 2122 288 2164 non
318 2110 353 2164 ut
383 2102 542 2182 ignoscat,
582 2101 640 2162 sed
679 2107 713 2164 ut
745 2099 869 2162 iudicet.
915 2117 1028 2180 graues
1059 2096 1156 2159 habet
1188 2096 1312 2177 inpetus

93 2211 220 2292 primos:
255 2208 395 2283 desinet,
425 2208 451 2270 si
480 2215 640 2290 expectat.
686 2226 744 2269 nec
784 2206 960 2268 uniuersam
992 2202 1075 2266 illam
1106 2201 1311 2284 temptaueris

68 2313 211 2381 ttollere:
244 2322 316 2378 tota
345 2313 501 2390 uincetur,
533 2315 609 2376 dum
640 2313 782 2396 partibus
813 2312 957 2394 carpitur.
1003 2331 1046 2372 ex
1077 2303 1124 2372 hi's
1147 2328 1229 2390 quae
1251 2327 1311 2370 nos

94 2421 265 2496 offendunt,
288 2420 347 2483 alia
370 2419 585 2482 renuntiantur
607 2419 714 2495 nobiS,
748 2420 808 2481 alia
831 2419 889 2502 ipsi
911 2417 1056 2480 audimus
1079 2423 1132 2478 aut
1156 2415 1308 2478 uidemus.

94 2529 128 2590 de
159 2528 191 2592 iis
229 2548 312 2609 quae
350 2535 474 2590 narrata
511 2533 600 2602 sunt,
638 2545 703 2587 non
741 2525 897 2588 debemus
936 2524 998 2586 cito
1030 2515 1178 2586 credere:
1219 2520 1349 2584 multitu

94 2635 275 2698 mentiuntur
305 2642 340 2696 ut
370 2632 543 2715 decipiant,
575 2630 680 2706 multi,
711 2632 784 2713 quia
815 2631 940 2713 decepti
973 2638 1053 2692 sunt.
1099 2628 1176 2690 alius
1208 2626 1307 2690 crimi-

94 2741 209 2804 natione
239 2740 375 2821 gratiam
407 2747 513 2821 captat
544 2747 576 2802 et
614 2737 704 2819 fingit
735 2737 892 2812 iniuriam,
931 2745 966 2798 ut
998 2736 1141 2798 uideatur
1172 2733 1309 2796 doluisse

92 2845 206 2923 laetam.
253 2855 302 2909 est
325 2845 433 2928 aliquis
456 2843 612 2926 malignus
635 2853 667 2906 et
690 2845 743 2926 qui
766 2844 917 2906 amicitias
940 2840 1137 2905 cohaerentis
1161 2840 1310 2902 diducere

94 2952 165 3016 uelit.
210 2961 261 3016 est
293 2951 459 3034 [suspicax]
492 2959 524 3015 et
555 2951 607 3033 qui
635 2959 780 3032 spectare
807 2949 900 3012 ludos
931 2954 1040 3032 cupiat
1067 2955 1098 3009 ct
1122 2966 1164 3008 ex
1187 2944 1308 3027 longin-

68 3069 149 3139 iquo
175 3067 309 3142 tutoque
339 3056 518 3140 speculetur
549 3077 630 3140 quos
668 3054 798 3118 conlisit.
845 3056 886 3118 de
916 3053 1048 3137 paruola
1078 3073 1204 3116 summa
1232 3051 1309 3113 iudi·
1324 3076 1350 3118 ss

96 3173 194 3228 caturo
224 3164 281 3226 tibi
312 3184 362 3226 res
393 3164 459 3226 sine
490 3172 572 3226 teste
595 3184 660 3225 non
687 3161 885 3246 probaretur,
907 3162 996 3224 testis
1020 3161 1085 3222 sine
1107 3159 1311 3222 iureiurando

95 3290 151 3333 non
179 3270 307 3334 ualeret.
358 3270 480 3353 utrique
510 3270 592 3352 parti
623 3270 715 3348 dares
745 3269 919 3344 actionem,
951 3268 1043 3330 dares
1074 3275 1215 3348 tempus,
1246 3284 1312 3326 non

95 3377 184 3439 semel
206 3376 340 3440 audires,
387 3377 486 3458 magis
510 3376 594 3439 enim
617 3375 732 3438 ueritas
757 3355 860 3438 elucet
881 3393 947 3456 quo
969 3373 1093 3456 saepius
1116 3373 1157 3435 ad
1182 3390 1311 3434 manum

94 3484 177 3546 uenit.
226 3475 364 3546 amicu'm
403 3484 599 3546 condemnas
636 3481 677 3544 de
707 3481 946 3564 praesentibus?
985 3488 1155 3562 antequam
1194 3477 1312 3551 audias,

95 3598 253 3671 mtequam
277 3590 467 3670 interroges,
497 3598 668 3670 antequam
699 3587 740 3650 illi
769 3595 824 3650 aut
855 3595 1071 3649 accusatorem
1102 3603 1193 3647 suum
1217 3601 1312 3646 nosse
1326 3609 1352 3648 so

95 3693 177 3757 liceat
205 3705 258 3758 aut
282 3696 416 3770 crimen,
441 3696 602 3758 irasceris?
641 3695 703 3757 iam
728 3693 829 3768 enim,
859 3694 921 3755 iam
949 3693 1025 3774 quid
1048 3691 1205 3773 utrimque
1228 3688 1310 3751 dice-

69 3809 173 3865 lretur
195 3803 328 3866 audisti?
351 3800 403 3864 hic
425 3802 491 3884 ipse
514 3801 567 3884 qui
590 3802 631 3864 ad
655 3808 687 3863 te
703 3799 823 3875 detulit,
847 3798 969 3862 desinet
993 3799 1105 3868 dicere,
1128 3797 1154 3858 si
1176 3795 1312 3878 probare

96 3931 296 3946 h——ffl-ss-

96 4011 109 4064 l
127 4017 198 4080 aspici
289 4014 304 4066 ἶ)
326 4014 446 4078 egerrime
465 4012 489 4080 (e
503 4011 587 4082 prim.
608 4013 691 4077 corr.)
790 4008 805 4064 6
825 4010 965 4076 attemptari
985 4007 1086 4082 (prima
1104 4014 1114 4057 t
1132 4005 1216 4072 corr.)

96 4103 211 4169 detergo
225 4103 252 4170 (a
266 4109 274 4153 t
288 4102 316 4154 in
330 4102 396 4168 ras.)
453 4101 484 4154 13
499 4101 570 4178 aliqd
589 4099 616 4165 (d
629 4097 786 4164 eoetcorr.)
844 4097 877 4149 15
890 4099 926 4147 ire
939 4093 1036 4165 (corr.)
1092 4095 1124 4147 lss
1137 4109 1224 4159 graues
1237 4092 1313 4141 habet

95 4191 180 4256 inpetus
197 4193 304 4258 primos,
330 4206 402 4260 quus
425 4188 453 4242 iu
471 4186 566 4243 codice
581 4193 644 4257 post
663 4187 748 4237 tollere
769 4187 824 4253 (l8)
844 4184 979 4256 lequntur,
998 4181 1052 4237 huc
1070 4180 1210 4236 reuocauit
1231 4177 1312 4233 Gertz

162 4280 192 4334 18
210 4282 269 4331 dum
283 4279 321 4349 (in
335 4277 402 4344 ras.)
476 4275 510 4330 24
529 4277 641 4341 suspicax
661 4273 771 4328 seclusit
791 4271 895 4337 Haase,
915 4285 1053 4338 supprocax
1073 4269 1185 4324 sortierit
1203 4267 1313 4337 Lipsius

159 4369 191 4422 ‘25
209 4369 320 4436 paruola·
333 4367 359 4434 (o
378 4367 405 4420 t'n
425 4383 439 4416 u
457 4363 541 4432 corr.)
615 4362 649 4417 26
668 4365 708 4416 sin
728 4368 787 4412 teste
806 4362 835 4427 (h
855 4361 882 4414 in
901 4360 968 4421 ras.)
1042 4358 1076 4412 28
1095 4357 1173 4408 elucet
1192 4355 1216 4426 (e
1233 4355 1314 4426 prior

94 4457 170 4523 cor-r.)
265 4457 298 4510 31
320 4455 379 4521 quid
399 4451 509 4508 addidit
529 4449 617 4516 Curio,
636 4449 687 4506 sed
704 4449 795 4506 malim
814 4447 901 4504 altero
919 4450 970 4499 ism
990 4445 1077 4502 deleto
1095 4447 1146 4496 iam
1168 4446 1233 4496 enim
1252 4446 1312 4510 quid
