3212 5318
301 369 379 413 olan.
390 369 419 412 X.
448 369 489 411 AD
505 367 660 432 anmttvnt
678 371 716 412 bu
731 371 900 414 anuvl‘rnttc
915 373 1013 418 uttan.
1042 379 1075 420 1³.
1091 379 1123 419 14.
1256 381 1319 444 237

13 573 14 580 ,
85 523 167 580 rest:
198 515 318 595 ingenti
349 515 434 578 mole
456 517 637 580 animalium
660 526 852 580 exterantur.
898 521 993 582 satius
1017 529 1084 584 erat
1107 522 1166 583 ista
1188 522 1218 582 in
1242 521 1320 584 obli-

111 623 221 682 uionem
246 623 300 697 ire,
323 642 363 685 ne
387 624 455 705 quis
478 633 591 707 postea
614 635 728 706 potens
749 626 883 688 disceret
904 627 1119 708 inuideretque
1135 629 1178 690 rei
1194 629 1321 690 minime

111 727 261 790 humanae.
323 749 344 791 o
378 739 530 811 quantum
567 729 705 812 caliginis
740 731 897 794 mentibus
932 733 1047 796 nostris
1079 733 1174 796 obicit
1205 729 1321 816 magna

15 875 16 884 ,
110 833 243 898 felicitas!
284 835 336 900 ille
365 857 400 898 se
431 858 524 920 supra
555 857 659 900 rerum
691 845 834 902 naturam
866 859 936 902 esse
966 848 1041 903 tunc
1069 841 1217 916 credidit,
1249 861 1320 903 cum

109 949 150 1002 tot
171 931 365 1006 *miserorum
393 943 557 1014 hominum
582 953 723 1008 cateruas
747 944 806 1007 sub
830 945 891 1008 alio
915 945 1003 1009 caelo
1026 948 1106 1010 natis
1130 945 1229 1010 beluis
1252 947 1319 1009 obi·
1336 967 1352 1004 s,

109 1057 197 1124 ceret,
231 1069 305 1112 cum
329 1047 446 1112 bellum
470 1051 550 1112 inter
572 1058 638 1112 tarn
663 1051 798 1132 disparia
821 1049 965 1114 animalia
988 1054 1218 1128 committeret,
1249 1073 1321 1116 cum

108 1156 133 1216 in
154 1165 324 1238 conspectu
347 1155 455 1240 populi
479 1157 615 1219 Romani
640 1157 772 1220 multum
801 1159 958 1238 sanguinis
982 1157 1126 1222 funderet
1150 1180 1229 1224 mox
1252 1161 1322 1242 plus

108 1263 198 1343 ipsum
231 1261 364 1326 sundere
395 1272 579 1326 coacturus:
620 1273 652 1325 at
684 1263 768 1328 idem
799 1272 912 1346 postea
942 1264 1160 1330 Alexandrina
1191 1267 1322 1349 perfidia

15 1367 17 1432 ἶ
107 1369 251 1451 deceptus
275 1369 385 1432 ultimo
410 1371 565 1452 mancipio
588 1370 857 1434 transfodiendum
882 1391 915 1434 se
931 1373 1083 1454 praebuit,
1106 1381 1174 1436 tum
1193 1375 1321 1436 demum

80 1475 255 1538 iintellecta
286 1477 368 1539 inani
398 1477 567 1540 iactatione
598 1479 794 1558 cognominis
825 1480 879 1542 sui.
940 1479 997 1542 sed
1029 1489 1063 1542 ut
1092 1478 1144 1542 illo
1175 1489 1321 1557 reuertar,
1339 1497 1362 1538 ru

106 1583 180 1644 unde
202 1584 335 1659 decessi,
359 1593 392 1646 et
414 1585 444 1646 in
468 1586 581 1647 eadem
605 1586 737 1648 materia
757 1585 926 1648 ostendam
942 1605 1168 1668 superuacuam
1185 1609 1320 1671 quorun-

106 1690 172 1750 dam
200 1688 416 1770 diligentiam:
450 1692 535 1752 idem
559 1689 707 1754 narrabat
731 1689 894 1754 Metellum
919 1693 1007 1754 uictis
1031 1693 1061 1754 in
1084 1691 1187 1756 Sicilia
1210 1693 1323 1756 Poenis

106 1795 345 1879 triumphantem
368 1817 464 1859 unum
490 1797 630 1860 omnium
651 1798 871 1860 Romanorum
895 1808 969 1861 ante
993 1819 1116 1862 currum
1141 1808 1266 1862 centum
1291 1807 1323 1862 et

107 1901 203 1981 uiginti
232 1903 375 1984 captiuos
399 1901 586 1986 elephantos
609 1904 745 1966 duxisse.
791 1902 911 1966 Sullam
936 1904 1080 1968 ultimum
1103 1906 1322 1969 Romanorum

106 2008 265 2087 protulisse
289 2011 481 2091 pomerium,
505 2011 592 2091 quod
616 2029 788 2093 numquam
811 2011 1007 2092 prouinciali,
1032 2014 1089 2075 sed
1112 2012 1220 2075 Italico
1244 2027 1322 2095 agro
1339 2029 1363 2070 ra

105 2116 254 2196 adquisito
290 2115 430 2199 prolerre
466 2118 561 2180 moris
596 2117 681 2198 apud
717 2117 863 2198 antiquos
894 2117 957 2181 suit.
1019 2118 1081 2182 hoc
1112 2120 1191 2182 scire
1222 2122 1323 2202 magis

105 2223 245 2302 prodest,
276 2243 372 2303 quam
397 2221 591 2286 Auentinum
624 2231 767 2285 montem
792 2232 884 2287 extra
906 2226 1082 2306 pomerium
1107 2245 1192 2302 esse,
1216 2235 1250 2288 ut
1272 2226 1324 2289 ille

105 2327 304 2405 adfirmabat,
329 2339 460 2411 propter
482 2329 613 2392 alteram
638 2349 680 2391 ex
704 2329 827 2392 duabus
851 2334 960 2406 causis
984 2341 1037 2394 aut
1059 2333 1147 2414 quod
1169 2331 1261 2415 plebs
1284 2353 1324 2396 eo

105 2437 295 2510 secessisset,
327 2445 381 2498 aut
411 2437 499 2518 quod
530 2436 635 2498 Remo
666 2437 848 2518 auspicante
879 2436 932 2500 illo
964 2437 1036 2501 loco
1068 2459 1144 2501 aues
1174 2459 1238 2501 non
1269 2440 1322 2501 ad-

79 2546 91 2596 l
106 2543 262 2618 dixissent,
287 2541 346 2604 alia
366 2543 513 2624 deinceps
528 2542 772 2618 innumerabilia,
795 2563 877 2625 quae
893 2553 946 2606 aut
962 2547 1049 2626 paria
1064 2553 1136 2608 sunt
1153 2547 1324 2608 mendaciis
1338 2563 1364 2604 an

105 2657 153 2710 aut
174 2648 308 2711 similia?
345 2668 418 2711 nam
443 2656 476 2710 ut
500 2649 657 2710 concedas
682 2649 788 2711 omnia
811 2669 867 2712 eos
890 2649 953 2712 lide
976 2650 1062 2714 bona
1086 2652 1201 2726 dicere,
1226 2660 1260 2714 ut
1283 2653 1324 2714 ad

105 2758 347 2837 praestationem
379 2753 536 2836 scribant:
569 2763 678 2818 tamen
702 2757 796 2818 cuius.
810 2755 869 2817 ista
892 2776 1014 2819 errores
1037 2758 1178 2820 minuent
1188 2761 1205 2819 i·
1238 2759 1324 2821 cuius

105 2865 287 2945 cupiditates
323 2863 487 2943 prement?
542 2881 637 2942 quem
668 2859 849 2937 fortiorem,
888 2883 982 2945 quem
1013 2864 1189 2938 iustiorem,
1228 2885 1323 2946 quem

104 2968 309 3033 liberaliorem
341 2953 474 3030 facient?
513 2967 658 3030 dubitare
689 2989 723 3032 se
752 2969 874 3031 interim
899 2968 1057 3032 Fabianus
1080 2979 1188 3033 noster
1211 2972 1323 3046 aiebat,

105 3095 140 3138 an
163 3077 259 3140 satius
283 3083 367 3138 esset
391 3072 480 3136 nullis
503 3075 611 3137 studiis
635 3075 798 3138 admoueri
821 3095 917 3157 quam
941 3075 988 3138 his
1011 3076 1156 3158 inplicari.
1338 3095 1363 3138 aa

78 3183 85 3234 1
188 3182 276 3246 XlV.
315 3179 381 3244 Soli
412 3182 553 3244 omnium
584 3181 678 3244 otiosi
709 3192 780 3244 sunt
809 3184 862 3264 qui
893 3184 1064 3264 sapientiae
1095 3192 1226 3246 uacant:
1266 3183 1325 3246 soli

105 3290 214 3352 uiuunt.
277 3309 336 3351 nec
371 3289 452 3350 enirn
487 3307 576 3350 suam
606 3297 729 3351 tantum
762 3297 899 3352 aetatem
931 3291 1013 3352 bene
1043 3299 1186 3352 tuentur:
1229 3311 1325 3353 omne

104 3413 212 3458 aeuum
237 3415 296 3456 suo
320 3396 464 3458 adiciunt.
510 3395 662 3477 quidquid
685 3415 839 3458 annorum
863 3405 938 3459 ante
960 3396 1030 3458 illos
1053 3405 1159 3459 actum
1183 3405 1245 3472 est,
1268 3396 1325 3458 illis

105 3502 290 3584 adquisitum
322 3510 379 3568 est.
432 3503 489 3564 nisi
520 3502 719 3581 ingratissimi
750 3523 871 3578 sumus,
902 3501 944 3565 illi
975 3503 1134 3566 clarissimi
1165 3523 1323 3566 sacrarum

106 3765 120 3818 i
143 3771 218 3820 .P.R.
329 3766 344 3820 9
370 3779 436 3818 trans
455 3767 599 3818 fodiendus
709 3766 740 3818 11
767 3768 869 3820 decessi.
889 3775 912 3817 et
932 3768 966 3832 (et
985 3767 1069 3835 corr.)
1162 3767 1195 3820 12
1220 3769 1324 3818 insicilia

549 3918 554 3923 ,
1111 3857 1231 3922 puinctatt

106 3925 141 3991 (ln
161 3928 227 3994 ras.)
247 3929 317 3993 penis
414 3926 447 3979 14
472 3927 535 3992 sylla
554 3928 643 3980 ultimt't
662 3926 734 3996 (timu
756 3926 783 3980 in
803 3926 870 3992 ras.)
971 3927 1004 3980 15
1028 3945 1159 3994 numquam
1178 3929 1221 3978 sed
1240 3929 1324 3978 italico

209 4017 241 4072 16
268 4018 407 4082 adquisito
426 4019 471 4083 (ito
489 4016 516 4069 r'n
536 4017 603 4083 ras.)
712 4017 788 4068 moris
807 4019 843 4078 (m
862 4016 890 4070 in
909 4020 978 4078 raa.)
998 4019 1064 4082 apud
1083 4017 1109 4080 (d
1128 4017 1211 4081 corr.)

109 4156 139 4210 17
163 4161 314 4224 pomoerium
340 4157 403 4212 olim
426 4173 512 4210 cortu:
537 4160 679 4224 pompeiam
772 4157 804 4211 18
830 4103 979 4222 adfirmabat
1075 4157 1108 4212 20
1133 4175 1179 4223 que
1199 4157 1236 4226 (t'n
1256 4158 1323 4226 ras.)

225 4251 295 4314 paria
320 4246 425 4302 Haase?
452 4248 514 4296 sana
645 4247 888 4317 interpunctionem
913 4248 995 4302 totius
1018 4245 1150 4300 errantiati
1172 4245 1326 4300 emerudauit

110 4331 195 4390 Gertz.
213 4335 296 4405 uulgw
314 4337 470 4387 addixissent.
490 4337 547 4386 Alia
561 4371 581 4388 ..
601 4337 699 4389 similia.
790 4337 821 4388 21
843 4352 885 4385 eos
905 4337 944 4401 (os
962 4335 989 4388 in
1009 4335 1076 4406 ras.)
1180 4335 1213 4390 22
1233 4347 1324 4403 presta-
1425 4321 1427 4328 ¹

109 4477 219 4538 tionem,
282 4436 563 4544 minueritiubbpiditates
659 4477 693 4532 ‘28
718 4485 767 4554 eutt
863 4475 897 4529 29
922 4479 1069 4543 acquesitum
1089 4478 1113 4541 (c
1132 4479 1216 4546 corr.)
