3234 5336
716 1004 746 1070 n.
770 1003 913 1070 isnin
945 1002 1113 1070 sunnon

508 1152 953 1248 DIALOGORVM
991 1151 1189 1247 LIBER
1228 1150 1315 1247 III.

788 1363 839 1412 AD
858 1363 1034 1413 NOVATVM

835 1506 891 1562 DE
921 1507 991 1562 IRA

807 1656 1015 1696 LIBERI.

386 1913 407 1973 Ι.
460 1880 607 1992 Exegisti
638 1932 658 1972 a
688 1932 756 1986 me,
794 1913 937 1986 Nouate,
977 1921 1012 1972 ut
1050 1912 1221 1972 scriberem
1252 1911 1546 1991 quemadmoduml
1602 1887 1603 1896 ¹

297 2027 408 2100 posset
431 2019 476 2080 ira
498 2017 592 2093 leniri,
616 2013 675 2080 nec
691 2019 837 2080 inmerito
853 2018 929 2078 mihi
945 2017 1060 2079 uideris
1083 2018 1167 2079 hunc
1182 2019 1350 2098 praecipue
1365 2015 1519 2078 adfectum

297 2125 494 2207 pertimuisse
518 2125 658 2185 maxime
682 2145 724 2186 ex
745 2125 892 2186 omnibus
916 2133 1053 2186 taetrum
1069 2143 1107 2185 ac
1123 2125 1277 2197 rabidum.
1308 2123 1422 2185 ceteris
1444 2125 1519 2184 enim

297 2231 413 2311 aliquid
436 2231 532 2312 quieti
565 2230 742 2313 placidique
773 2232 869 2305 inest,
894 2230 953 2291 ‘hic
983 2239 1071 2291 totus
1102 2231 1277 2292 concitatus
1309 2239 1342 2291 et
1365 2231 1396 2290 in
1420 2231 1519 2311 inpetu
1603 2236 1604 2316 1

255 2360 268 2398 s
297 2336 416 2399 doloris
432 2346 488 2411 est,
510 2357 670 2399 armorum
695 2339 854 2417 sanguinis
878 2336 1101 2418 suppliciorum
1123 2337 1251 2398 minime
1267 2336 1407 2398 humana
1423 2335 1519 2397 furens

298 2444 478 2524 cupiditate,
502 2444 579 2503 dum
600 2442 688 2504 alteri
710 2452 824 2505 noceat
848 2443 894 2505 sui
917 2444 1099 2523 neglegens,
1123 2444 1153 2503 in
1176 2444 1244 2526 ipsa
1259 2444 1384 2504 inruens
1408 2442 1471 2504 tela
1492 2453 1520 2503 et

297 2548 422 2610 ultionis
445 2568 553 2609 secum
577 2548 712 2610 ultorem
734 2557 891 2610 tracturae
907 2550 1026 2610 auidus.
1069 2550 1197 2628 quidam
1227 2550 1332 2629 itaque
1362 2569 1379 2610 e
1404 2549 1548 2630 sapien-2

296 2655 380 2716 tibus
404 2654 475 2717 uiris
498 2654 576 2716 iram
604 2657 755 2717 dixerunt
782 2655 914 2717 breuem
938 2655 1098 2717 insaniam.
1144 2675 1245 2735 aeque
1273 2656 1355 2717 enim
1379 2656 1520 2736 inpotens
1604 2666 1605 2724 t

297 2762 343 2822 sui
367 2770 424 2836 est,
448 2762 570 2823 decoris
601 2759 716 2836 oblita,
749 2761 1015 2846 necessitudinum
1048 2762 1220 2837 inmemor,
1251 2763 1281 2822 in
1309 2763 1397 2842 quod
1422 2761 1521 2842 coepit
1604 2741 1605 2782 1

259 2889 282 2928 ιο
297 2868 443 2948 pertinax
475 2878 507 2929 et
537 2869 672 2943 intenta,
704 2868 817 2928 rationi
857 2865 1053 2947 consiliisque
1080 2867 1258 2948 praeclusa,
1290 2869 1378 2930 uanis
1409 2869 1522 2948 agitata

296 2975 405 3048 causis,
428 2975 469 3034 ad
494 2975 671 3055 dispectum
695 2974 786 3055 aequi
809 2974 937 3053 uerique
960 2953 1110 3048 inhabilis,
1142 2974 1235 3036 ruinis
1258 2973 1423 3049 simillima,
1447 2993 1522 3055 quae

295 3100 389 3161 super
419 3079 450 3140 id
481 3081 569 3158 quod
597 3099 783 3162 oppressere
813 3079 1006 3159 franguntur.
1057 3089 1091 3140 ut
1122 3081 1201 3141 scias
1232 3090 1339 3160 autem
1368 3101 1433 3142 non
1459 3082 1551 3142 esse-3

295 3205 390 3246 sanos
413 3205 493 3265 quos
516 3186 561 3246 ira
583 3187 742 3266 possedit,
773 3187 875 3266 ipsum
904 3185 1028 3247 illorum
1051 3185 1195 3247 habitum
1219 3187 1348 3248 intuere.
1393 3208 1470 3249 nam
1492 3193 1523 3246 ut

246 3377 248 3382 Ι
279 3341 281 3349 Α
295 3291 463 3353 furentium
477 3287 564 3353 certa
577 3293 691 3353 indicia
703 3300 775 3352 sunt
791 3291 898 3353 audax
915 3295 945 3356 et
962 3293 1069 3353 minax
1085 3292 1197 3367 uoltuS,
1213 3293 1308 3354 tristis
1324 3292 1420 3369 frons,
1436 3303 1524 3356 torua

257 3419 281 3459 u
296 3397 399 3473 facies
439 3398 552 3461 citatus
583 3398 708 3478 gradus
738 3398 895 3478 inquietae
926 3418 1052 3473 manus,
1085 3398 1173 3460 color
1204 3419 1320 3475 uersus,
1352 3400 1466 3462 crebra
1495 3409 1523 3459 et

297 3504 515 3567 uehementius
554 3515 624 3582 acta
662 3504 801 3586 suspiria,
840 3505 882 3565 ita
921 3504 1119 3567 irascentium
1159 3505 1273 3568 eadem
1311 3506 1402 3586 signa
1434 3515 1520 3567 sunt:

296 3610 430 3691 flagrant
460 3631 498 3673 ac
525 3613 641 3672 micant
664 3610 754 3684 oculi,
788 3615 906 3672 multus
937 3627 992 3672 ore
1016 3619 1087 3672 toto
1119 3611 1217 3673 rubor
1244 3621 1456 3674 exaestuante
1485 3610 1552 3671 abt

295 3717 365 3779 imis
388 3718 579 3799 praecordiis
603 3717 770 3797 sanguine,
802 3716 891 3778 labra
919 3719 1112 3798 quatiuntur,
1143 3719 1256 3779 dentes
1279 3719 1523 3799 conprimuntur,

295 3824 425 3885 horrent
448 3843 485 3884 ac
508 3823 710 3903 subriguntur
733 3822 843 3904 capilli,
867 3823 992 3904 spiritus
1015 3832 1145 3886 coactus
1175 3844 1214 3885 ac
1236 3825 1381 3900 stridens,
1414 3825 1523 3886 articu-

376 4016 511 4069 21merit0
594 4017 707 4064 affectum
790 4016 805 4068 3
826 4021 912 4065 tetrum
995 4015 1010 4067 5
1031 4017 1125 4065 doloris
1144 4023 1179 4067 est
1197 4015 1257 4070 cod.
1278 4024 1313 4066 est
1332 4018 1427 4066 doloris
1445 4017 1525 4085 uulpo

384 4104 399 4157 6
419 4106 510 4154 irruens
603 4103 618 4156 7
637 4104 742 4153 ultorem
761 4110 883 4153 tracturae
896 4101 1057 4157 Pincianus:
1079 4105 1155 4154 multa
1173 4106 1210 4154 ira
1228 4111 1341 4157 tracturt't
1361 4106 1391 4172 (1‘1
1411 4106 1440 4158 in
1458 4105 1524 4170 raa)

383 4193 449 4260 &eq
533 4193 549 4245 9
569 4193 636 4256 cepit
721 4193 751 4244 11
773 4194 908 4258 dispectum
929 4191 1091 4246 deteriores:
1113 4195 1231 4259 despectu
1312 4193 1344 4245 14
1364 4202 1419 4244 sunt
1439 4191 1524 4259 audax]

294 4288 370 4335 recta
394 4281 577 4352 interpunctio
604 4279 780 4350 (uuiqabaiur
799 4281 868 4334 enim
892 4286 959 4344 sunt,
985 4283 1075 4348 audax)
1096 4299 1113 4334 a
1135 4281 1245 4336 Gertzio
1264 4287 1394 4336 reuocata
1414 4283 1470 4335 ium
1488 4282 1525 4334 in-

222 4354 224 4358 .
294 4370 403 4423 uertitur
421 4370 449 4422 in
468 4370 510 4425 ed.
535 4369 600 4423 Veri.
614 4368 660 4422 att.
746 4365 802 4419 uult'
888 4369 1095 4444 liuexaestuaute
1115 4368 1154 4422 B:
1176 4377 1199 4420 et
1218 4378 1326 4421 estuante
1413 4371 1447 4424 ’18
1466 4372 1525 4435 ymis

398 4459 435 4516 Ι19
453 4454 581 4523 surrigunt'
821 4457 829 4471 ’
