3212 5326
277 373 317 434 82
640 365 773 408 DlAL.lV.
802 367 843 407 DE
858 367 910 407 IRA
924 367 979 410 LlB.
996 367 1025 410 11.
1054 367 1136 410 abab.

274 512 439 578 Romanus
462 511 619 574 fideliores
642 512 740 573 habet
763 513 867 574 socios
887 533 983 594 quam
1008 533 1090 592 quos
1112 497 1223 574 habiit
1237 513 1505 593 pertinacissimos

273 618 400 680 hostes?
424 619 513 700 quod
535 618 632 680 hodie
655 629 740 680 esset
756 620 929 699 imperium,
953 621 1009 680 nisi
1033 619 1164 681 salubris
1187 619 1387 701 prouidentia
1403 620 1505 680 uictos

273 725 505 806 permiscuisset
535 724 726 786 uictoribus?
773 726 924 786 irascetur
961 724 1088 807 aliquis:
1130 737 1164 788 tu
1196 733 1307 786 contra
1344 723 1535 792 beneficiis5

273 851 422 912 prouoca.
470 832 554 893 cadit
576 832 683 894 statim
707 831 848 893 simultas
871 831 913 892 ab
929 831 1028 892 altera
1051 841 1141 912 parte
1157 833 1290 893 deserta.
1336 831 1394 891 nisi
1417 831 1505 912 paria

247 955 258 990 r»
273 957 338 998 non
369 947 521 1017 pugnant.
567 939 592 997 si
631 937 787 1018 utrimque
826 947 912 1026 certa
949 939 1080 999 uictoria
1113 938 1323 999 concurritur:
1365 936 1417 997 ille
1459 947 1505 998 est

272 1042 384 1104 melior
407 1043 460 1124 qui
483 1034 569 1124 prior
591 1045 709 1124 pedem
732 1042 864 1116 rettulit,
888 1044 988 1104 uictus
1010 1045 1127 1125 estqui
1150 1045 1230 1105 uicit.
1275 1044 1430 1124 percussit
1454 1053 1502 1104 te:

272 1151 394 1210 recede.
441 1149 618 1210 referiendo
643 1149 726 1210 enim
759 1157 790 1209 et
814 1149 1016 1211 occasionem
1040 1151 1164 1230 saepius
1194 1149 1323 1212 feriendi
1354 1151 1450 1210 dabis
1476 1161 1505 1211 et

272 1257 521 1317 excusationem.
567 1275 632 1316 non
655 1255 773 1335 poteris
797 1255 911 1329 reuelli,
935 1275 1007 1316 cum
1031 1256 1127 1317 uoles

360 1361 495 1423 XXXV.
542 1361 705 1442 Numquid
728 1359 802 1422 uelit
818 1362 984 1441 quisquam
1007 1371 1074 1424 tam
1092 1363 1230 1440 grauiter
1252 1361 1378 1424 hostem
1404 1361 1531 1436 feriret

233 1493 257 1530 ru
272 1478 305 1530 ut
343 1462 498 1549 relinquat
536 1487 665 1529 manum
704 1468 735 1528 in
773 1467 901 1529 uolnere
940 1476 973 1548 et
1008 1488 1042 1530 se
1073 1470 1114 1529 ab
1153 1469 1217 1529 ictu
1248 1459 1400 1530 reuocare
1439 1490 1503 1530 non

270 1576 388 1654 possit?
412 1576 498 1654 atqui
521 1575 584 1636 tale
607 1575 652 1635 ira
674 1574 772 1635 telum
797 1585 863 1636 est:
898 1576 952 1635 uix
985 1575 1158 1636 retrahitur.
1207 1594 1295 1636 arma
1326 1575 1421 1636 nobis
1447 1595 1501 1637 ex-

270 1682 378 1762 pedita
398 1681 614 1760 prospicimus
631 1680 771 1760 gladium
789 1682 998 1742 commodum
1015 1691 1047 1742 et
1062 1679 1221 1742 habilem:
1244 1700 1309 1742 non
1332 1682 1503 1742 uitabimus

269 1789 392 1868 inpetus
416 1787 510 1848 animi
533 1786 592 1848 hos
616 1805 744 1865 graueS‚
776 1785 942 1849 funerosos
974 1797 1006 1848 et
1029 1787 1276 1848 inreuocabiles?
1307 1807 1346 1849 ea
1368 1789 1532 1850 demum2

270 1893 419 1954 uelocitas
443 1893 559 1974 placet,
589 1913 671 1974 quae
694 1893 746 1954 ubi
771 1894 854 1955 iussa
877 1904 925 1955 est
960 1895 1129 1974 uestigium
1153 1894 1233 1955 sistit
1256 1913 1315 1954 nec
1338 1893 1422 1954 ultra
1447 1895 1501 1954 de-

231 2025 255 2062 15
269 2001 384 2061 stinata
415 1999 570 2079 procurrit
600 1997 746 2079 flectique
777 2011 809 2060 et
840 2019 859 2060 a
890 2020 980 2062 cursu
1012 2001 1054 2062 ad
1085 2003 1221 2080 gradum
1253 2001 1359 2060 reduci
1383 2009 1501 2080 potest.

268 2126 383 2185 aegros
406 2107 522 2166 scimus
544 2125 660 2167 neruos
684 2125 762 2179 esse,
786 2106 838 2167 ubi
860 2107 962 2168 inuitis
985 2106 1078 2167 nobis
1101 2115 1278 2168 mouentur.
1323 2126 1424 2167 senex
1449 2118 1502 2168 aut

268 2212 380 2273 infirmi
404 2213 548 2292 corporis
573 2221 630 2285 est,
661 2213 808 2292 quicum
834 2212 997 2273 ambulare
1021 2213 1087 2273 uult
1118 2212 1229 2273 currit:
1264 2208 1361 2274 animi
1393 2222 1501 2274 motus

268 2340 324 2380 eos
347 2327 494 2398 putemus
518 2317 701 2379 sanissimos
725 2318 1005 2398 ualidissimosque,
1034 2319 1086 2399 qui
1109 2328 1220 2380 nost-ro
1243 2318 1373 2380 arbitrio
1402 2320 1500 2394 ibunt,
1535 2403 1537 2406 Ι

267 2445 331 2486 non
370 2446 428 2485 suo
467 2423 612 2485 ferentur.
661 2423 735 2484 nihil
774 2432 882 2484 tamen
914 2445 1014 2505 aeque
1046 2416 1196 2505 profuerit
1226 2445 1322 2504 quam
1360 2426 1531 2505 primum3

183 2555 187 2562 ’
227 2556 253 2594 ‘20
268 2531 378 2592 intueri
402 2529 637 2590 deformitatem
661 2531 715 2603 rei,
739 2530 854 2592 deinde
872 2529 1053 2612 periculum.
1098 2551 1163 2592 non
1187 2541 1235 2592 est
1252 2530 1341 2592 ullius
1357 2531 1500 2594 adfectus

267 2637 360 2698 facies
384 2636 546 2698 turbatior.
592 2635 801 2715 pulcherrima
824 2657 881 2699 ora
903 2637 1060 2710 foedauit,
1084 2646 1195 2699 toruos
1219 2638 1323 2700 uoltus
1348 2659 1391 2699 ex
1414 2648 1498 2700 tran-

267 2743 454 2823 quillissimis
477 2742 590 2804 reddit

722 2853 827 2925 linquit
846 2853 931 2908 decer
951 2853 1042 2909 ornnis

267 2958 382 3017 iratos:
424 2965 457 3016 et
486 2956 552 3016 siue
582 2956 715 3016 amictus
745 2955 802 3016 illis
833 2956 1015 3035 conpositus
1046 2966 1094 3017 est
1135 2957 1175 3016 ad
1209 2957 1331 3036 legem,
1372 2957 1499 3018 trahent

226 3089 251 3127 ra
267 3071 389 3122 uestem
421 3081 613 3141 omnemque
644 3082 750 3122 curam
782 3062 828 3122 sui
859 3061 1036 3136 effundent3
1078 3062 1144 3122 siue
1175 3063 1359 3142 capillorum
1389 3073 1500 3125 natura

268 3169 318 3229 uel
342 3181 409 3229 arte
433 3168 599 3228 iacentium
623 3188 687 3228 non
719 3167 860 3230 informis
882 3168 1016 3242 habitus,
1046 3187 1118 3230 cum
1142 3170 1248 3230 animo
1272 3171 1498 3231 inhorrescunt.

267 3283 446 3336 tumescunt
471 3294 577 3335 uenae.
626 3275 821 3335 concutietur
852 3275 964 3335 crebro
997 3275 1105 3354 spiritu
1127 3284 1246 3356 pectus
1276 3277 1389 3338 rabida
1412 3277 1498 3337 uocis

269 3485 285 3536 4'
300 3493 368 3555 post
387 3486 463 3534 altera
482 3484 671 3538 recurreretis
690 3500 790 3554 maqrra
874 3453 946 3549 parii
963 3502 1013 3535 non
1098 3485 1154 3537 b‘si
1172 3488 1292 3550 utrimque
1310 3494 1377 3536 certa
1395 3487 1499 3536 uictoria

268 3576 419 3624 concurritur
437 3571 528 3626 Koch:
554 3575 598 3622 sed
616 3574 715 3638 utrimq;
743 3574 847 3638 certabit
873 3575 900 3639 (b
919 3573 1030 3628 uidetur
1047 3591 1062 3622 u
1084 3573 1183 3641 fuisse)
1203 3576 1393 3626 iraeoncurritur

270 3663 303 3715 10
322 3664 420 3712 uulnere
507 3663 538 3714 ll
560 3665 626 3727 atqui
647 3662 774 3729 (iuras.)
862 3663 1041 3714 12etnabi1e
1121 3661 1153 3715 13
1173 3665 1278 3728 impetus
1358 3664 1431 3712 animi
1450 3664 1498 3712 hos

268 3769 355 3817 graues
375 3753 419 3817 (mi
438 3753 484 3800 hos
503 3751 530 3803 in
549 3751 618 3813 ras.)
729 3752 805 3799 animi
823 3751 862 3800 his
880 3769 968 3816 graues
987 3754 1067 3816 magis
1086 3750 1173 3820 Νότῳ.
1278 3751 1310 3804 13
1330 3753 1456 3802 funerosus
1475 3759 1499 3800 et

268 3841 397 3893 intectum
417 3839 528 3909 reliqui,
554 3838 681 3908 quoniam
701 3837 792 3892 codex
811 3837 889 3892 freber
909 3841 1048 3902 lunerosos‚
1073 3840 1111 3891 ite
1131 3849 1159 3891 ut
1172 3841 1257 3909 prior
1275 3839 1396 3910 oportit
1409 3837 1500 3907 fnisse

268 3949 289 3992 e,
309 3947 349 3980 sos
368 3935 604 3996 derelinquentem
623 3926 748 3995 equidem
768 3926 904 3997 dispicere
916 3929 1000 3998 potui
1026 3928 1111 3997 ipsius
1125 3927 1237 3997 primae
1255 3944 1351 3982 manus
1369 3928 1410 3982 sit.
1441 3929 1500 3980 trie

268 4017 404 4072 edr'eetina
429 4017 517 4070 rninus
536 4015 692 4084 offendent,
716 4017 742 4068 si
765 4033 852 4080 graues
876 4017 1092 4086 interpunctione
1118 4017 1207 4070 artius
1232 4033 1292 4070 eum
1317 4032 1382 4069 uoce
1404 4018 1500 4080 inpetus

268 4108 455 4176 coniunqeiur.
486 4109 590 4156 furiosos
611 4113 633 4154 et
653 4103 739 4174 Neap.
759 4106 858 4156 foenere
877 4113 900 4155 et
919 4103 1047 4174 Meridie,
1073 4107 1186 4156 funebres
1205 4113 1228 4156 et
1248 4105 1355 4170 Haase,
1378 4103 1439 4156 rticci
1457 4101 1502 4155 illi

267 4187 407 4265 scripture
420 4196 531 4265 primae
549 4209 646 4246 manes
665 4192 775 4256 corfinii,
795 4193 865 4262 quae
883 4193 962 4264 apud
978 4193 1136 4248 Fielcerlum
1156 4193 1302 4262 indicetur,
1322 4196 1411 4244 luneres

275 4284 302 4334 lb
321 4287 404 4348 flectiq
428 4291 451 4334 et
470 4301 485 4332 a
504 4300 574 4332 cursu
599 4281 626 4349 (q
645 4289 668 4331 et
687 4299 702 4330 a
721 4281 750 4333 in
769 4281 836 4350 res.)
944 4283 979 4336 20
999 4285 1095 4333 deform
1115 4285 1218 4333 itatem
1237 4285 1256 4349 (i
1275 4283 1302 4335 in
1322 4283 1388 4348 ras.)

268 4375 368 4422 affectus
387 4371 477 4441 (prior
495 4373 506 4420 f
523 4369 606 4437 corr.)
704 4369 737 4422 21
756 4371 850 4434 sedauit
947 4373 1025 4420 uultus
1121 4371 1155 4424 24
1175 4373 1224 4420 illis
1245 4369 1409 4424 Gronouius:
1429 4371 1499 4418 illius

341 4463 492 4525 compositus
565 4459 599 4512 25
618 4460 670 4509 siue
691 4455 860 4512 Gronorrius:
882 4463 903 4509 si
