3184 5318
319 362 399 406 DIAl..
410 361 459 408 Vll.
487 362 529 405 Ab
544 360 721 405 cantionum
736 361 776 406 DE
790 361 861 404 vina
875 363 984 410 ΒΕΑΤΑ.
1012 365 1032 408 θ.
1049 365 1080 408 ta.
1250 369 1311 434 163

104 519 157 574 tem
183 515 380 592 praestatura
402 507 501 572 uirtus
525 517 588 586 est,
621 509 694 572 ideo
717 517 848 593 propter
870 508 952 572 banc
974 509 1098 592 petitur.
1145 530 1208 572 non
1232 510 1315 572 enim

9 613 10 632 ¹
104 617 171 680 hanc
200 623 356 700 praestat,
387 618 444 680 sed
475 625 507 678 et
537 616 635 692 banc,
666 635 725 680 nec
754 615 826 680 huic
854 613 994 692 laborat,
1032 617 1090 679 sed
1120 615 1211 679 labor
1243 617 1316 692 eius,

9 799 11 824 μ
78 725 232 806 tquamuis
255 719 338 786 aliud
361 731 458 806 petat,
482 722 544 786 boc
567 741 695 805 quoque
719 723 919 805 adsequetur.
964 723 1043 786 sicut
1066 723 1097 786 in
1121 743 1206 798 aru0,
1229 725 1316 805 quod

104 831 188 912 segeti
210 831 402 914 proscissum
427 839 483 905 est,
507 829 600 912 aliqui
623 828 717 894 flores
740 830 1006 905 internascuntur,
1029 851 1093 893 non
1117 839 1223 893 tamen
1247 829 1318 893 huic

9 955 10 992 ι
103 937 254 1013 herbulae,
286 937 429 1019 quamuis
454 935 591 1000 delectet
621 936 746 1010 oculos,
778 945 901 1000 tantum
925 937 1029 1020 operis
1053 937 1246 1020 insumptum
1270 945 1345 1000 esti

104 1079 137 1090 -
158 1043 239 1108 aliud
269 1042 326 1107 suit
357 1043 472 1108 serenti
501 1043 716 1126 propositum,
747 1043 809 1106 boc
836 1045 1015 1125 superuenit
1039 1077 1080 1089 —-
1105 1043 1148 1106 sic
1171 1042 1318 1128 uoluptas

103 1153 156 1213 ndn
178 1159 226 1214 est
249 1169 371 1214 merces
394 1169 454 1212 nec
477 1168 570 1212 causa
593 1149 721 1226 uirtutis,
745 1151 802 1212 sed
825 1150 972 1226 accessio,
997 1169 1055 1212 nec
1078 1150 1150 1231 quia
1172 1150 1318 1226 delectat,

9 1323 11 1340 Ι
77 1258 202 1339 apiacet,
226 1259 284 1320 sed
307 1257 332 1320 si
356 1255 468 1340 placet,
492 1264 524 1320 et
549 1255 694 1321 delectat.
734 1277 892 1321 summum
916 1257 1035 1320 bonum
1059 1259 1089 1319 in
1112 1258 1181 1341 ipso
1205 1258 1319 1320 iudicio

9 1375 11 1432 i
102 1373 142 1428 est
171 1373 202 1428 et
224 1364 335 1428 habitu
358 1364 497 1446 optimae
522 1364 651 1439 mentis,
683 1383 859 1445 quaecum
883 1383 999 1426 munus
1021 1385 1112 1427 suum
1136 1364 1264 1446 inpleuit
1287 1374 1319 1426 et

9 1533 11 1552 ,
102 1471 202 1534 finibus
237 1491 271 1534 se
302 1471 365 1534 suis
398 1471 511 1547 cinxit,
551 1479 807 1534 consummatum
839 1480 887 1534 est
917 1490 1077 1534 summum
1107 1471 1228 1534 bonum
1260 1491 1319 1533 nec
1335 1487 1360 1528 10
1458 1511 1460 1519 .

102 1579 257 1660 quicquam
282 1577 416 1661 amplius
432 1578 599 1641 desiderat.
638 1577 712 1640 nibil
729 1579 811 1640 enim
828 1587 920 1640 extra
936 1585 1040 1640 totum
1057 1586 1114 1654 est,
1138 1599 1202 1641 non
1218 1577 1320 1658 magis

10 1679 11 1682 ’
76 1693 187 1765 tquam
218 1685 300 1751 ultra
330 1685 434 1749 finem.
480 1686 586 1767 itaque
617 1703 718 1766 erras,
749 1705 821 1748 cum
853 1687 1047 1767 interrogas,
1076 1685 1151 1768 quid
1175 1687 1214 1748 sit
1237 1685 1320 1760 illud,

103 1799 221 1874 propter
244 1793 332 1874 quod
353 1793 501 1856 uirtutem
516 1799 645 1875 petam:
672 1794 796 1874 quaeris
812 1793 894 1856 enim
912 1791 1027 1875 aliquid
1042 1814 1137 1876 supra
1153 1812 1321 1855 summum.

9 1873 11 1908 l
104 1897 279 1982 interrogas,
302 1901 379 1981 quid
402 1907 510 1981 petam
526 1919 569 1961 ex
586 1900 720 1962 uirtute?
751 1899 861 1981 ipsam.
900 1898 974 1961 nihil
991 1902 1073 1963 enim
1089 1899 1187 1962 habet
1203 1897 1322 1976 melius,

9 2017 11 2080 l
103 2007 160 2087 ipsa
180 2007 323 2089 ¹pretium
356 2007 409 2070 sui.
456 2027 496 2068 an
525 2005 588 2068 boc
616 2025 726 2088 parum
750 2025 901 2087 magnum
926 2013 989 2080 est,
1021 2027 1093 2068 curn
1116 2005 1173 2069 tibi
1196 2006 1318 2068 dicam:
1340 2023 1363 2063 u

9 2131 11 2144 ⁴
103 2133 251 2176 summurn
284 2113 405 2178 bonum
429 2121 477 2175 est
497 2110 647 2194 infragilis
671 2115 765 2176 animi
790 2113 874 2194 rigor
896 2121 929 2175 et
952 2113 1149 2196 prouidentia
1173 2121 1204 2174 et
1228 2111 1320 2174 subii-

9 2255 10 2262 *
104 2223 187 2284 mitas
210 2229 241 2282 et
265 2220 381 2283 sanitas
397 2230 429 2284 et
445 2219 572 2284 libertas
589 2229 621 2282 et
637 2220 807 2282 concordia
823 2227 855 2282 et
871 2221 988 2282 decor?
1012 2219 1128 2302 aliquid
1144 2219 1323 2282 etiamnunc

103 2329 195 2408 exigis
211 2329 320 2402 maius
333 2328 375 2390 ad
391 2329 479 2410 quod
494 2327 554 2390 ista
566 2326 755 2390 reserantur?
772 2328 847 2409 quid
862 2327 936 2390 mihi
949 2326 1145 2410 uoluptatem
1160 2327 1322 2389 nominas?

9 2451 11 2458 ’
103 2431 228 2496 hominis
243 2434 366 2496 bonum
381 2455 507 2516 quaero,
520 2454 585 2498 non
601 2434 725 2510 uentris,
742 2434 794 2516 qui
810 2433 984 2515 pecudibus
1000 2453 1037 2496 ac
1050 2433 1148 2496 beluis
1156 2433 1258 2496 laxior
1266 2441 1322 2496 est.

9 2573 10 2620 3
77 2551 85 2601 t
184 2541 222 2604 X.
268 2540 470 2617 DissimulaS,
501 2541 617 2623 inquit,
649 2541 725 2623 quid
753 2559 847 2602 ame
871 2540 999 2604 dicatur.
1045 2541 1215 2623 egoenim
1239 2561 1323 2622 nego
1338 2554 1364 2596 20

104 2667 288 2731 quemquam
312 2667 407 2730 posse
430 2649 563 2711 iucunde
587 2649 699 2724 uiuere,
723 2647 780 2710 nisi
803 2646 895 2711 simul
918 2656 950 2710 et
970 2647 1104 2712 honeste
1120 2647 1205 2710 uiuit.
1236 2649 1324 2728 quod

104 2775 163 2817 non
195 2764 303 2838 potest
338 2756 431 2818 mutis
462 2755 645 2837 contingere
676 2754 858 2818 animalibus
889 2775 947 2816 nec
979 2755 1098 2836 bonum
1130 2775 1224 2834 suum
1253 2754 1324 2816 cibo

105 2861 305 2927 metientibus.
353 2861 443 2936 clare,
466 2863 572 2944 inquit,
596 2883 633 2926 ac
656 2861 761 2946 palam
784 2871 885 2926 testor
907 2861 989 2924 hanc
1013 2845 1118 2937 uitam,
1142 2881 1237 2944 quam
1262 2881 1324 2942 ego

9 2983 10 2994 ¹
78 2968 263 3032 liucundam
296 2987 394 3045 uoco,
425 2989 489 3032 non
520 2969 576 3032 nisi
607 2969 731 3033 adiecta
761 2969 876 3032 uirtute
907 2969 1096 3050 contingere.
1144 2971 1230 3050 atqui
1258 2967 1325 3049 quis

106 3075 221 3154 ignorat
251 3075 452 3158 plenissimos
476 3095 544 3139 esse
568 3075 781 3159 uoluptatibus
805 3077 916 3139 uestris
940 3075 1141 3139 stultissimos
1164 3079 1326 3157 quosque?
1340 3087 1366 3130 ιι
1391 3129 1393 3136 .

9 3191 10 3198 ’
106 3189 136 3242 et
157 3184 321 3265 nequitiam
345 3182 507 3246 abundare
530 3183 670 3246 iucundis
687 3183 890 3264 animumque
906 3183 1008 3264 ipsum
1025 3202 1141 3264 genera
1157 3182 1327 3264 uoluptatis

109 3379 311 3388 ——-—-—-

109 3500 121 3552 1
146 3508 297 3566 prestatura*
405 3502 422 3556 4
447 3503 595 3570 proscissum
614 3499 781 3556 deteriores:
807 3503 944 3568 procissum
1052 3501 1126 3554 best
1147 3529 1180 3541 -·
1200 3503 1327 3558 aliud...

108 3595 234 3655 superuenit
253 3621 288 3632 —
308 3594 363 3666 sic:⁴
387 3591 628 3664 interpunctionem
652 3589 806 3646 emendanti
831 3588 914 3645 Gertz
938 3594 964 3646 et
988 3596 1049 3646 ante
1068 3606 1128 3644 eam
1146 3589 1282 3662 Forbiper
1300 3592 1327 3644 in

108 3676 322 3750 interpretatione
347 3678 524 3736 Gemanica:
551 3679 718 3752 aalpabalar
742 3686 783 3732 est.
811 3681 878 3730 aliud
972 3682 1122 3745 superuenit:
1149 3682 1184 3732 sic

109 3767 140 3816 sic
157 3770 264 3836 uoluptas
283 3768 390 3842 Naap.:
417 3771 437 3820 si
462 3787 517 3820 cum
541 3771 653 3836 uoluptas
678 3771 750 3840 (post
774 3771 887 3836 uoluptas
910 3766 1015 3839 aliquid
1037 3784 1145 3823 erasnm
1170 3769 1219 3836 est)

110 3853 126 3905 8
147 3857 223 3924 inipso
315 3859 398 3925 iique
417 3863 460 3924 (ue
478 3859 505 3912 in
524 3861 591 3926 ras.)
683 3875 739 3909 cum
758 3875 844 3909 munus
870 3875 938 3909 suum
958 3855 1048 3912 Koch:
1074 3875 1130 3909 eum
1153 3875 1221 3910 suum

112 3943 141 3997 12
161 3949 194 3998 ita
219 3966 242 4015 q.
263 3965 310 4015 que
334 3947 392 4018 (que
416 3945 515 4002 lineola
534 3955 693 4002 transuersa
714 3944 840 4013 deletam)
941 3949 1000 3998 illud
1019 3949 1038 4016 (t
1056 3947 1084 4001 in
1104 3949 1120 3998 d
1138 3948 1222 4014 corr.)

113 4031 141 4084 13
158 4043 235 4101 pelam
248 4031 283 4104 (p
301 4035 412 4092 aanor
430 4052 488 4092 aare
507 4040 592 4104 corr.)
689 4037 781 4102 aliquid
807 4038 835 4103 (d
853 4051 891 4092 σω
910 4043 919 4088 t
938 4040 1020 4103 carr.)
1112 4037 1146 4090 14
1170 4037 1257 4087 melius
1275 4039 1329 4103 ipsa

114 4118 266 4181 aratores:
294 4127 382 4178 melius
406 4132 447 4178 ent
467 4128 520 4193 ipsa
620 4126 654 4180 16
679 4126 817 4177 sublimitas
836 4125 947 4197 lipsius
966 4125 1013 4195 (as.
1033 4129 1058 4190 t,
1078 4129 1093 4178 b
1113 4128 1180 4192 quies
1198 4128 1286 4176 mentis
1304 4127 1329 4176 in
1379 4151 1383 4159 ·

115 4213 159 4261 luto
176 4215 304 4267 conlocata
323 4221 346 4266 et
359 4213 521 4284 sublimitas):
543 4215 664 4266 subtilitas
754 4213 788 4268 17
809 4215 903 4282 aliquid
915 4216 944 4281 (d
958 4229 1031 4269 carr.
1046 4229 1084 4269 aa
1097 4217 1116 4280 t)
1207 4213 1240 4268 19
1254 4231 1330 4284 quero

193 4303 225 4356 20
248 4306 328 4371 inquit
347 4307 366 4370 (t
385 4305 469 4371 corr.)
578 4304 610 4358 21
638 4304 744 4354 iocunde
763 4305 790 4370 (o
811 4306 896 4371 corr.)
998 4305 1057 4355 uiuit
1076 4301 1237 4358 deteriores:
1265 4305 1330 4355 uiuat

117 4386 137 4450 (a
154 4395 231 4458 carr.)
323 4392 358 4448 24
382 4393 513 4444 iocundam
534 4394 559 4460 (o
580 4396 662 4459 aorr.)
758 4394 873 4443 nonnisi
893 4389 1021 4464 Madnt'p:
1049 4410 1098 4443 non
1117 4395 1137 4443 si
1227 4391 1260 4446 2ss
1285 4395 1328 4443 ha·

118 4475 213 4532 bundare
304 4485 417 4533 iocundis
437 4487 463 4547 (o
482 4484 565 4550 corr.)

1060 4571 1116 4624 11*
