3184 5318
306 347 371 414 206
469 341 549 387 DIAL.
564 342 603 388 lx.
631 344 674 387 AD
689 341 830 386 SERENVM
845 341 886 384 DE
899 335 1165 397 Ttaxovmma‘re
1178 341 1277 388 nrum.
1306 345 1326 386 8.
1341 343 1362 387 ll.

306 511 376 552 esse
399 488 574 554 debuerant
597 491 663 552 duo
683 490 786 552 uicarii
806 499 844 553 et>
854 488 934 552 cella
947 489 1058 554 laxior.
1096 498 1129 553 at
1144 489 1281 570 Diogeni
1296 510 1402 552 seruus
1416 491 1509 552 unicus
1524 498 1536 552 7

305 595 382 676 fugit
412 616 471 658 nec
498 615 571 658 eum
594 597 760 672 reducere,
791 615 863 658 cum
886 605 1130 672 monstraretur,
1161 597 1240 658 tanti
1261 597 1390 678 putauit
1431 605 1511 678 turpe

307 711 364 777 est,
387 701 493 783 inquit,
517 701 635 764 Manen
658 702 724 764 sine
740 702 886 782 Diogene
909 721 1004 784 posse
1027 702 1140 776 uiuere,
1163 702 1330 783 Diogenen
1351 703 1416 764 sine
1429 701 1513 764 Mane
1566 731 1569 748 =

295 829 371 870 non
402 827 506 890 posse.
552 808 675 870 uidetur
706 807 781 870 mihi
812 809 947 870 dixisse:
982 827 1043 890 age
1072 817 1160 870 tuum
1191 809 1371 888 negotium,
1394 806 1512 870 fortuna

281 912 381 976 snihil
411 913 494 996 apud
518 913 686 994 Diogenen
714 914 776 976 iam
805 914 848 976 tui
872 923 928 976 est.
974 912 1053 994 fugit
1077 913 1151 976 mihi
1174 934 1297 989 seruus,
1329 915 1427 977 immo
1448 913 1514 974 liber

307 1018 390 1082 abiit
436 1018 551 1082 familia
573 1020 853 1100 petit·uestiarium
877 1021 1057 1102 uictumque
1110 1030 1160 1083 tot
1184 1027 1310 1084 uentres
1332 1019 1540 1083 auidissimo-8

307 1145 376 1188 rum
400 1125 579 1188 animalium
602 1127 710 1188 tuendi
733 1134 814 1188 sunt.
860 1127 996 1188 emenda
1018 1125 1114 1188 uestis
1137 1136 1167 1189 et
1190 1126 1417 1188 custodiendae
1438 1143 1514 1206 rapa·

307 1233 450 1294 cissimae
479 1251 590 1294 manus
621 1239 654 1292 et
683 1229 824 1294 flentium
857 1233 1144 1313 detestantiumque
1171 1233 1347 1294 ministeriis
1370 1232 1516 1294 utendum.

307 1348 426 1419 quanto
457 1336 508 1399 ille
531 1336 665 1410 felicior,
696 1337 748 1418 qui
772 1335 846 1398 nihil
869 1335 919 1398 ulli
943 1337 1057 1410 debet,
1088 1338 1144 1400 nisi
1167 1338 1241 1419 quoi
1266 1335 1411 1400 facillime
1433 1343 1517 1416 negat

270 1465 294 1531 ip
307 1441 383 1506 sibi!
417 1444 474 1504 sed
497 1442 645 1523 quoniam
669 1428 734 1504 non
758 1447 806 1504 est
829 1442 1060 1506 nobistantum
1076 1442 1208 1518 roboris,
1231 1442 1432 1524 angustanda
1446 1445 1543 1502 certet

307 1557 379 1610 sunt
415 1549 617 1630 patrimonia,
654 1556 689 1609 ut
724 1548 826 1610 minus
857 1550 897 1608 ad
929 1548 1051 1612 iniurias
1082 1547 1226 1612 fortunae
1256 1549 1355 1609 simus
1386 1546 1517 1629 expositi.

306 1653 460 1717 habiliora
483 1663 556 1716 sunt
579 1673 716 1734 corpora
737 1656 768 1714 in
788 1651 880 1727 bella,
903 1673 985 1734 quae
1005 1656 1037 1716 in
1052 1673 1142 1718 arma
1155 1673 1214 1716 sua
1229 1653 1374 1716 contrahi
1389 1661 1518 1734 possunt,

307 1782 403 1842 quam
434 1781 516 1842 quae
546 1758 812 1841 superfunduntur
843 1769 875 1822 et
899 1761 1036 1841 undique
1060 1759 1248 1840 magnitudo
1272 1779 1329 1822 sua
1353 1759 1519 1821 uolneribus

189 1951 194 1959 „
309 1867 426 1930 obicit:
459 1870 599 1948 optimus
622 1868 774 1947 pecuniae
798 1865 914 1928 modus
930 1874 987 1941 est,
1010 1869 1063 1947 qui
1080 1885 1137 1927 nec
1153 1868 1185 1928 in
1200 1875 1423 1946 paupertatem
1439 1866 1518 1936 cadit,

272 1998 294 2035 ιι
309 1994 367 2036 nec
389 1973 500 2055 procul
523 1994 542 2036 a
564 1981 753 2052 paupertate
776 1973 918 2034 discedit.

398 2080 452 2142 IX.
487 2078 630 2142 Placebit
656 2087 763 2142 autem
787 2077 866 2140 haec
889 2078 981 2140 nobis
1006 2097 1161 2152 mensura,
1184 2079 1210 2140 si
1232 2080 1318 2159 prius
1341 2078 1543 2158 parsimonia!

307 2185 475 2267 placuerit,
505 2188 572 2248 sine
602 2205 664 2266 qua
695 2204 753 2246 nec
776 2183 856 2246 ullae
879 2202 958 2265 opes
981 2182 1152 2258 sufficiunt,
1183 2205 1242 2246 nec
1265 2182 1346 2246 ullae
1370 2183 1519 2245 nonsatis

267 2357 270 2364 ,
303 2279 435 2373 patent,
471 2294 659 2373 praesertim
694 2310 766 2352 cum
797 2293 828 2352 in
859 2293 961 2352 uicino
992 2293 1166 2352 remedium
1198 2293 1240 2353 sit
1270 2298 1304 2352 et
1334 2291 1436 2370 possit
1463 2291 1520 2367 ipsa

309 2408 479 2480 paupertas
494 2401 525 2460 in
541 2399 665 2460 diuitias
680 2417 715 2458 se
731 2399 889 2460 aduocata
900 2395 1080 2478 frugalitate
1089 2406 1283 2460 conuertere.
1308 2397 1519 2458 adsuescamus
1533 2397 1544 2448 '2

269 2526 329 2566 rna
351 2505 442 2566 nobis
465 2523 630 2566 remouere
652 2523 816 2584 pompam,
839 2512 872 2564 et
895 2523 967 2566 usus
991 2523 1103 2578 rerum,
1126 2523 1191 2564 non
1215 2512 1404 2566 ornamenta
1424 2502 1520 2564 metiri.
1587 2533 1588 2538 ι

310 2610 398 2672 cibus
428 2609 545 2672 famem
577 2609 704 2683 domet,
736 2611 827 2688 potio
859 2610 960 2684 sitim,
992 2607 1090 2671 libido
1121 2629 1185 2689 qua
1214 2601 1345 2670 ne‘cesse
1376 2618 1426 2670 est
1448 2605 1520 2668 fluat.

310 2719 468 2779 discamus
497 2715 648 2778 membris
676 2717 791 2779 nostris
815 2717 918 2790 inniti,
949 2715 1068 2778 cultum
1092 2717 1276 2797 uictumque
1298 2735 1363 2776 non
1387 2716 1428 2777 ad
1450 2730 1522 2775 noua

310 2822 459 2906 exempla
488 2841 687 2903 conponere,
717 2823 775 2883 sed
807 2829 841 2883 ut
872 2824 1028 2886 maiorum
1056 2841 1162 2884 mores
1185 2823 1330 2884 suadent.
1377 2823 1521 2883 discamus

310 2931 537 2990 continentiam
560 2946 694 3008 augere,
725 2925 880 2990 luxuriam
904 2948 1066 3002 coercere,
1097 2927 1231 3008 gloriam
1255 2937 1451 3008 temperare,
1472 2926 1520 2987 ira-

270 3055 295 3094 rs
311 3035 455 3096 cundiam
479 3032 591 3108 lenire,
621 3042 842 3114 paupertatem
866 3037 973 3114 aequis
997 3033 1095 3096 oculis
1120 3035 1300 3114 adspicere,
1324 3033 1521 3114 frugalitatem
1586 3069 1587 3072 κ

300 3137 430 3214 colere,
461 3141 584 3200 etiamsi
614 3131 731 3202 multos
761 3139 895 3220 pudebit
918 3142 984 3203 eius
1007 3139 1125 3214 cultus,
1157 3139 1321 3203 desideriis
1343 3137 1523 3202 naturalibus

313 3403 326 3454 1
354 3408 378 3450 at
397 3399 416 3470 (t
434 3401 518 3466 corr.)
626 3403 735 3467 Diogeni
754 3401 850 3472 uulqo:
871 3404 993 3469 diogenen
1099 3373 1118 3457 '3
1143 3404 1205 3469 inqd
1308 3405 1401 3453 Manen
1418 3407 1444 3456 et
1460 3402 1524 3450 Mane

312 3489 402 3542 nescio
427 3490 501 3559 quis:
529 3492 628 3539 matheo
653 3499 679 3544 ct
703 3491 787 3540 mathe
911 3491 928 3542 4
952 3509 999 3562 age
1021 3497 1088 3542 tuum
1107 3493 1249 3558 negotium,
1275 3494 1374 3542 fortuna
1393 3492 1432 3559 (r'n
1449 3504 1523 3555 marp.

312 3609 346 3650 m.
361 3597 392 3646 3:
412 3601 438 3645 ut
455 3595 502 3645 oiri
519 3597 616 3653 uxorib;
637 3596 724 3648 libelld
744 3598 838 3662 repudii
857 3599 1004 3648 remittentes
1021 3585 1106 3651 scribi.
1126 3614 1173 3664 age
1186 3599 1253 3650 habe
1266 3599 1312 3648 tibi
1326 3591 1523 3656 mulierrestuas)

435 3684 497 3734 mihi

402 3700 472 3805 baemi
491 3753 640 3823 (suprascr.
654 3770 688 3807 m.
701 3756 766 3820 rer.)
848 3762 912 3826 post
928 3774 1009 3808 seruus
1024 3773 1079 3827 pro
1097 3758 1176 3828 siquo
1195 3757 1419 3828 iraterroqatrom's
1436 3767 1525 3808 courum

311 3841 403 3909 posuit
418 3838 500 3893 Gertz
585 3841 665 3892 tiabit
678 3842 771 3911 (corr.)
855 3847 972 3898 uestiariu
985 3847 1077 3912 (aria
1066 3862 1093 3898 m
1106 3846 1174 3913 ras.)
1260 3845 1469 3909 adelstanum

314 3978 330 4032 9
349 3983 388 4030 cui
407 3979 545 4033 Muretus:
566 3927 584 4045 ἓ,
602 3983 629 4044 (d
642 3979 751 4035 uidetur
761 3982 850 4052 fursee
862 3989 889 4050 ο)
981 3988 1011 4039 11
1032 3995 1057 4037 ut
1076 3987 1149 4057 (ante
1166 3996 1190 4037 ut
1210 4003 1314 4042 rasura
1332 3987 1413 4040 unius
1425 3979 1524 4046 laterae)

403 4069 436 4120 1‘2
456 4070 481 4117 in
499 4069 565 4117 bella
584 4067 745 4122 Pincianus:
766 4073 881 4122 inbecillo
901 4075 926 4140 (o
945 4074 972 4126 fra
985 4076 1052 4142 ras.)
1144 4074 1176 4128 l3
1196 4078 1317 4135 uulnerib;
1416 4073 1443 4127 ll
1461 4071 1524 4122 obicit

316 4152 411 4208 Gertz:
432 4157 524 4204 obiecit
614 4155 647 4208 17
666 4158 713 4207 ulle
802 4159 835 4212 23
855 4169 981 4226 obponere
1071 4163 1105 4217 24
1122 4165 1230 4230 gloriam
1245 4162 1340 4219 Haase
1353 4181 1414 4218 cum
1426 4159 1523 4217 uerno

314 4240 392 4294 ritus
416 4240 593 4309 quibasdam:
620 4243 688 4306 giam
714 4245 743 4298 r'd
767 4255 807 4299 est
829 4250 948 4312 gloriam,
973 4256 1003 4304 ut
1026 4267 1118 4321 saepe,
1143 4251 1204 4308 cod.
1223 4254 1309 4318 gulam
1334 4251 1417 4323 uulpo

315 4327 348 4379 25
374 4330 484 4393 aspicere
590 4328 624 4381 26
648 4331 742 4381 etiamsi
766 4336 855 4384 multos
873 4338 974 4400 pudebit
993 4341 1043 4389 eius
1062 4342 1139 4390 cultus
1158 4339 1235 4394 lfoclt
1255 4339 1310 4410 (css
1326 4340 1361 4394 de
1379 4345 1456 4394 consi.
1473 4351 1524 4404 sap·

318 4419 358 4478 tt,
379 4420 393 4466 4
419 4417 552 4480 sapientiae
571 4417 655 4484 cultu),
679 4421 774 4469 etiamsi
793 4423 882 4472 multos
901 4427 1002 4490 pudebit
1021 4430 1106 4494 templi
1124 4429 1176 4479 eius
1194 4427 1327 4501 Madut'q:
1356 4425 1524 4480 dissimulas
