3184 5318
310 349 390 394 mne.
406 350 443 394 Vl.
474 350 516 392 ΑΙ)
531 349 674 392 MARClAM
690 349 729 390 DE
744 347 988 393 consuunTlonn.
1017 353 1037 394 n.
1053 351 1072 392 l.
1246 353 1304 416 127

90 499 197 580 inpetus
231 495 288 560 fiat
320 505 415 578 atque
446 497 533 560 omni
563 516 597 558 se
628 515 744 578 genere
776 494 926 558 saeuitiae
956 494 1151 577 prolecturus
1183 515 1308 558 maeror

89 613 243 668 exerceat:
283 605 340 666 sed
375 604 401 667 si
437 602 525 666 nullis
562 601 739 686 planctibus
770 601 919 666 defuncta
949 611 1152 678 reuocentur,
1183 605 1208 664 si
1239 622 1307 664 sors

88 712 196 772 inmota
220 719 253 774 et
284 712 314 772 in
338 719 501 774 aeternum
530 709 595 772 fixa
617 709 700 773 nulla
732 709 855 772 miseria
879 717 1018 772 mutatur
1041 717 1073 771 et
1097 729 1184 772 mors
1208 711 1307 773 tenuit
1370 743 1373 751 v

63 823 74 875 3
89 817 228 898 quidquid
253 816 390 892 abstulit,
414 817 537 880 desinat
561 816 654 880 dolor
677 816 729 898 qui
752 816 841 898 perit.
880 836 976 898 quare
1000 835 1148 896 regamur
1171 836 1229 878 nec
1249 836 1307 878 nos

88 925 136 986 ista
156 925 203 985 uis
227 908 425 987 transuersos
449 923 575 986 auferat.
615 923 713 1006 turpis
738 931 786 985 est
808 922 923 1003 nauigii
947 931 1058 998 rector,
1083 923 1130 984 cui
1151 923 1334 1003 guberna-a

28 1043 31 1054 ’
88 1029 145 1093 cula
166 1029 284 1093 fluctus
308 1031 426 1113 eripuit,
450 1031 502 1112 q'ui
526 1029 678 1094 fluitantia
702 1027 771 1092 uela
795 1029 940 1104 deseruit,
964 1029 1104 1112 permisit
1127 1031 1309 1111 tempestati

87 1146 194 1200 ratem:
224 1147 257 1201 at
281 1135 330 1198 ille
354 1136 402 1199 uel
426 1139 456 1200 in
478 1135 640 1218 naufragio
656 1135 831 1200 laudandus
847 1155 942 1217 quem
959 1136 1064 1198 obruit
1080 1155 1167 1198 mare
1184 1135 1307 1199 clauum

89 1252 240 1306 tenentem
266 1252 298 1306 et
322 1244 485 1308 obnixum.

62 1353 68 1405 l
162 1349 236 1412 Vll.
286 1349 334 1412 At
365 1351 448 1412 enim
471 1347 611 1414 naturale
640 1349 829 1414 desiderium
860 1369 989 1412 suorum
1013 1357 1069 1412 est.
1113 1350 1181 1432 quis
1204 1360 1309 1432 negat,

87 1458 228 1538 quamdiu
251 1456 422 1544 'modicum
453 1460 520 1520 est?
552 1476 626 1520 nam
657 1456 812 1532 discessu,
845 1476 909 1518 non
939 1455 1042 1519 solum
1067 1457 1234 1518 amissione
1257 1477 1306 1518 ca-
1325 1475 1348 1515 ιο

88 1564 273 1626 rissimorum
298 1564 489 1626 necessarius
514 1563 637 1626 narsus
658 1571 706 1626 est
729 1570 761 1626 et
780 1561 1028 1626 firmissimorum
1045 1583 1173 1644 quoque
1188 1564 1308 1626 animo-

88 1690 148 1732 rum
171 1671 360 1734 contracti0.
398 1671 455 1734 sed
478 1669 548 1753 plus
572 1679 620 1734 est
644 1671 731 1750 quod
752 1671 859 1752 opinio
876 1669 969 1732 adicit
984 1691 1080 1752 quam
1096 1672 1183 1752 quod
1199 1680 1310 1732 natura
1361 1681 1367 1694 ’

62 1777 253 1860 limperauit.
326 1776 453 1859 adspice
500 1785 659 1842 mutorum
698 1775 878 1839 animalium
916 1797 1012 1858 quam
1053 1778 1211 1839 concitata
1248 1777 1309 1839 sint

86 1882 233 1946 desideria
272 1892 304 1946 et
342 1893 450 1947 tamen
488 1903 583 1965 quam
623 1882 736 1946 breuia
787 1903 953 1946 uaccarum
993 1904 1056 1946 uno
1087 1885 1139 1946 die
1169 1882 1310 1948 alteroue

87 1991 215 2071 mugitus
247 1990 386 2064 auditur,
418 2011 477 2052 nec
507 1990 621 2054 diutius
653 1975 804 2072 equarum
836 2010 934 2070 uagus
966 1989 1016 2052 ille
1047 2010 1218 2072 amensque
1247 1991 1307 2053 dis·
1326 2009 1350 2050 tn

85 2115 183 2158 cursus
208 2106 266 2160 est.
305 2096 389 2160 serae
409 2117 480 2160 cum
505 2097 637 2178 uestigia
660 2095 835 2160 catulorum
859 2103 1061 2160 consectatae
1076 2107 1148 2160 sunt
1165 2106 1197 2158 et
1217 2097 1309 2160 siluas

85 2213 287 2283 pemagatae,
312 2223 384 2265 cum
407 2223 502 2286 saepe
526 2206 568 2266 ad
591 2203 704 2266 cubilia
726 2203 866 2285 expilata
890 2203 1062 2278 redierunt,
1086 2203 1206 2266 rabiem
1230 2205 1310 2266 intra

1 2345 2 2358 ι
85 2310 228 2391 exiguum
264 2321 388 2394 tempus
420 2313 614 2394 extinguunt.
669 2331 743 2374 aues
774 2332 847 2373 cum
877 2312 1012 2374 stridore
1043 2331 1162 2392 magno
1202 2313 1315 2374 inanes·

84 2417 169 2480 nidos
201 2415 529 2494 circumfremuerunt,
560 2419 641 2480 intra
672 2426 870 2480 momentum
901 2426 1008 2481 tamen
1037 2419 1161 2500 quietae
1185 2417 1308 2480 uolatus

83 2543 151 2586 suos
182 2533 339 2606 repetunt.
385 2545 444 2588 nec
475 2523 524 2588 ulli
556 2524 681 2588 animali
711 2525 841 2606 longum
873 2523 953 2586 setus
977 2525 1023 2586 sui
1047 2526 1237 2587 desiderium
1261 2533 1309 2588 est
1323 2539 1348 2582 ιο

84 2629 134 2692 nisi
156 2630 286 2706 homini,
310 2633 362 2714 qui
377 2633 476 2716 'adest
499 2632 601 2694 dolori
624 2653 681 2694 suo
706 2652 764 2694 nec
787 2641 908 2694 tantum
933 2641 1085 2713 quantum
1109 2633 1219 2708 sentit,
1251 2633 1308 2693 sed

56 2737 230 2816 liquantum
255 2739 423 2814 constituit,
447 2737 597 2802 adficitur.
638 2748 671 2800 ut
691 2740 770 2801 scias
792 2747 899 2802 autem
917 2759 981 2800 non
997 2759 1066 2800 esse
1082 2737 1144 2799 hoc
1159 2737 1308 2813 naturale,

83 2841 211 2908 luctibus
235 2844 344 2928 frangi,
367 2847 503 2928 primum
528 2846 628 2926 magis
652 2846 782 2908 seminas
805 2865 900 2928 quam
921 2845 1014 2920 uiros,
1038 2844 1139 2926 magis
1155 2843 1308 2906 barbaros

83 2971 173 3031 quam
203 2951 347 3034 placidae
375 2953 577 3034 eruditaeque
601 2953 704 3032 gentis
725 2952 886 3028 homines,
918 2952 1019 3032 magis
1042 2951 1188 3014 indoctos
1212 2969 1308 3032 quam

83 3057 193 3120 doctos
231 3058 346 3121 eadem
384 3059 503 3122 orbitas
542 3057 692 3122 uolnerat.
745 3058 830 3139 atqui
868 3078 905 3120 ea
943 3077 1025 3140 quae
1055 3077 1074 3119 a
1103 3068 1213 3119 natura
1243 3057 1307 3118 uim
1321 3073 1347 3114 ra
1370 3099 1382 3118 .-

83 3173 276 3246 acceperunt,
301 3166 436 3228 eandem
454 3166 490 3234 in
514 3165 662 3228 omnibus
685 3173 827 3228 seruant:
854 3173 986 3246 apparet
1002 3185 1065 3226 non
1082 3185 1150 3226 esse
1168 3163 1308 3226 naturale

53 3265 164 3350 lquod
196 3272 315 3334 uarium
348 3282 404 3335 est.
450 3272 529 3354 ignis
561 3272 664 3336 omnis
692 3273 804 3335 aetatis
829 3272 1034 3353 omniumque
1057 3270 1201 3334 ordinum
1225 3271 1341 3332 ciues·
1432 3337 1436 3346 ,

85 3455 200 3520 lseuitie
295 3472 378 3507 meror
480 3459 495 3508 :l
521 3458 596 3508 tenuit
621 3471 731 3510 necesse
755 3471 815 3512 esse
839 3471 893 3510 non
911 3454 1022 3510 uidetur·
1047 3471 1107 3509 cum
1127 3453 1259 3509 l‘inciano
1279 3455 1306 3508 iu

81 3602 144 3648 tenet
164 3599 266 3653 mutari
336 3598 488 3666 lquicquid
561 3599 731 3652 tilluuitantia
804 3555 955 3652 7οῑιιιιῐῗι1η
1038 3588 1305 3651 clauum'Erosmun:

81 3703 169 3738 nauem
270 3687 376 3741 llnecat
402 3687 426 3758 (c
445 3687 473 3741 in
492 3705 509 3755 g
528 3687 611 3755 corr.)
719 3689 748 3741 19
774 3689 841 3754 quod
860 3689 944 3753 opinio
965 3685 1129 3741 deteriores:
1152 3691 1201 3753 qua
1220 3687 1305 3755 opinio

177 3829 208 3882 13
227 3833 310 3897 aspice
414 3829 443 3883 15
463 3779 551 3905 equiizt
648 3831 680 3884 16
699 3831 750 3895 sere
851 3829 882 3884 17
902 3831 1024 3882 redierunt
1043 3827 1171 3887 Fickert:
1194 3830 1308 3880 redierint

165 3925 198 3978 18
215 3931 338 3994 extingunt
423 3929 456 3981 22
476 3929 581 3980 allicitur
601 3927 695 3997 (prior
713 3930 725 3978 l
741 3927 825 3997 corr.)
910 3927 944 3982 24
964 3929 1076 3994 placidas
1096 3929 1134 3994 (ns
1146 3941 1219 3983 corr.
1232 3941 1270 3980 ecc
1283 3923 1308 3990 9)

82 4017 214 4082 eruditasq
235 4019 299 4084 (ιδεμ
320 4019 431 4084 ccorr.)
450 4023 535 4084 gentes
554 4015 614 4074 cod.
631 4015 687 4086 fuit
705 4015 788 4086 ipilur
806 4017 923 4083 placidae
940 4017 1096 4082 eruditaeque
1115 4031 1148 4072 m.
1166 4030 1209 4085 pr.
1228 4017 1307 4080 gentis

81 4119 151 4157 renus
172 4083 335 4159 deleriorum
424 4106 457 4160 ‘25
477 4107 586 4158 uulnerat
606 4106 631 4172 (u
645 4122 659 4159 e
672 4107 755 4170 corr.)
841 4107 907 4172 atqui
926 4121 955 4156 ea
973 4122 1036 4172 quae
1055 4102 1219 4158 deteriores:
1241 4104 1307 4169 arqui

82 4209 146 4256 aqua
240 4195 272 4248 27
292 4212 378 4248 omnes
397 4202 473 4260 etates
492 4197 612 4260 oririumq;
633 4196 706 4247 urbitl
726 4192 786 4248 cod.
811 4195 891 4245 omnis
910 4196 997 4244 aetatis
1015 4195 1173 4258 omniumque
1192 4193 1305 4242 ordinum

80 4276 174 4342 Koch,
200 4281 234 4349 cs.
261 4279 312 4336 Cio.
339 4269 447 4337 m‘Pis.
474 4287 506 4336 nt
538 4285 647 4334 omnium
678 4299 793 4348 generum
826 4290 933 4333 aetatum
956 4284 1070 4333 ordinum
1097 4297 1181 4332 omnes
1206 4282 1252 4330 uiri
1277 4297 1307 4331 ac

80 4369 212 4428 mulieres;
237 4373 272 4423 96
297 4387 384 4422 omnes
409 4373 523 4424 mortales
548 4373 659 4423 omnium
683 4387 814 4440 generum,
834 4377 955 4435 aetatum,
986 4372 1115 4429 ordinum;
1152 4367 1220 4424 Veli.
1246 4366 1307 4424 Pal.

81 4459 110 4519 2,
139 4460 174 4509 89
212 4475 257 4524 quo
288 4461 372 4512 fauore
402 4464 512 4512 omnium
544 4462 686 4524 hominum,
718 4462 849 4524 aetatium,
881 4463 994 4512 ordinum
1019 4447 1132 4528 exceptus
1163 4460 1209 4520 sit3
1244 4455 1307 4516 Sere.
