3234 5336
378 299 602 342 CON'l'VMELlAM
621 297 772 340 ACClPERE
793 299 973 343 SAPIENTEM.
991 299 1016 344 V.
1034 300 1072 344 Vl.
1297 306 1335 366 21

87 455 98 504 l
114 469 202 510 casus
227 448 374 510 indurata
383 461 397 521 ,⁸
414 453 454 508 ut.
471 465 510 506 ne
534 443 838 526 inclinariquidem,
869 446 987 508 nedum
1017 445 1096 507 uinci
1120 444 1227 527 possit.
1283 446 1337 509 ad-

114 575 220 616 uersus
254 555 426 635 adparatus
457 551 639 614 terribilium
672 560 774 614 rectos
806 550 915 614 oculos
939 559 1042 625 tenet,
1073 549 1147 613 nihil
1178 573 1219 614 ex
1251 552 1339 615 uoltu

115 668 223 736 mutat,
249 661 316 722 siue
338 659 378 722 illi
404 659 481 722 dura
505 657 570 720 siue
593 659 732 720 secunda
756 666 961 722 ostentantur.
1001 658 1106 740 itaque
1130 656 1204 720 nihil
1227 661 1339 741 perdet

114 768 198 849 quod
231 767 334 849 perire
365 785 511 828 sensurus
542 765 589 828 sit.
635 765 724 828 unius
748 765 830 827 enim
862 765 892 826 in
916 763 1115 847 possessione
1138 765 1258 828 uirtutis
1282 774 1339 840 est,

114 895 151 936 ex
183 894 250 954 qua
281 870 395 956 depelli
426 891 597 953 numquam
629 879 744 953 potest.
792 871 903 934 ceteris
944 870 1084 953 precario
1117 871 1230 934 utitur:
1271 873 1365 954 quise

114 989 217 1042 autem
252 980 371 1041 iactura
403 987 548 1041 mouetur
578 977 688 1042 alieni?
720 977 833 1059 quodsi
857 977 964 1040 iniuria
986 975 1060 1038 nihil
1083 977 1209 1040 laedere
1233 986 1338 1061 potest

115 1106 152 1148 ex
176 1085 225 1148 his
250 1105 334 1166 quae
357 1085 484 1168 propria
507 1086 655 1166 sapientis
678 1093 767 1160 sunt,
799 1083 872 1165 quia
903 1084 1016 1146 uirtute
1039 1083 1125 1146 salua
1148 1083 1235 1146 salua
1257 1094 1338 1159 sunt,

87 1193 218 1280 ssiniuria
251 1192 383 1274 sapienti
414 1212 477 1254 non
501 1200 608 1273 potest
632 1191 706 1254 fieri.
753 1191 885 1272 Megara
908 1190 1089 1253 Demetrius
1117 1199 1259 1272 ceperat,
1291 1191 1336 1254 cui

114 1320 294 1380 cognomen
323 1299 515 1363 Poliorcetes
547 1297 610 1361 luit.
656 1297 696 1361 ab
728 1297 790 1361 hoc
813 1297 939 1360 Stilbon
970 1295 1176 1380 philosophus
1206 1299 1336 1360 interro-

114 1415 214 1487 gatuS,
241 1427 318 1468 num
342 1405 458 1488 aliquid
480 1405 685 1488 perdidisset,
716 1403 804 1480 nihil,
828 1405 939 1485 inquit,
986 1406 1092 1466 omnia
1116 1423 1187 1466 mea
1211 1424 1334 1466 mecum
1354 1417 1376 1458 ¹0

113 1521 188 1576 sunt.
238 1514 325 1594 atqui
354 1521 385 1574 et
424 1511 648 1594 patrimonium
686 1512 751 1573 eius
786 1511 816 1572 in
847 1512 999 1592 praedam
1031 1519 1166 1572 cesserat
1197 1519 1229 1572 et
1260 1510 1336 1573 filias
1431 1555 1434 1564 ,

30 1661 34 1668 -
114 1628 258 1702 rapuerat
282 1617 383 1692 hostis
406 1627 438 1680 et
462 1619 562 1701 patria
585 1618 615 1678 in
639 1617 771 1680 alienam
796 1617 951 1680 dicionem
969 1623 1155 1698 peruenerat
1179 1625 1210 1680 et
1234 1619 1335 1700 ipsum

114 1747 165 1788 rex
191 1724 397 1788 circumfusus
414 1725 540 1787 uictoris
556 1725 712 1788 exercitus
729 1725 822 1786 armis
846 1745 888 1786 ex
904 1725 1064 1806 superiore
1079 1722 1150 1786 loco
1168 1724 1336 1802 rogitabat.

87 1841 142 1900 tat
164 1830 215 1894 ille
233 1831 397 1893 uictoriam
421 1831 461 1893 illi
476 1831 616 1893 excussit
639 1840 671 1893 et
694 1851 728 1892 se
750 1829 827 1892 urbe
852 1839 945 1913 capta
968 1851 1032 1892 non
1048 1830 1196 1893 inuictum
1213 1839 1335 1894 tantum

115 1939 167 2000 sed
191 1939 375 2000 indemnem
401 1958 469 2000 esse
492 1946 625 2000 testatus
649 1946 705 2000 est.
745 1935 885 2000 habebat
909 1938 990 1998 enim
1013 1958 1087 1999 uera
1110 1958 1216 2000 secum
1240 1937 1375 2014 bonan

115 2046 142 2106 in
163 2065 246 2126 quae
270 2064 335 2106 non
359 2053 407 2106 est
431 2065 540 2108 manus
564 2043 695 2107 iniectio.
731 2052 764 2109 at
787 2064 871 2124 quae
885 2044 1033 2125 dissipata
1056 2051 1088 2105 et
1112 2043 1234 2126 direpta
1258 2043 1334 2106 lere-

115 2151 241 2226 bantur,
280 2171 344 2212 non
375 2149 534 2212 iudicabat
563 2171 637 2224 sua,
676 2151 733 2213 sed
765 2150 942 2212 aduenticia
974 2158 1005 2210 et
1043 2159 1153 2212 nutum
1193 2149 1335 2214 fortunae

116 2257 282 2338 sequentia.
329 2257 401 2320 ideo
433 2265 465 2318 ut
489 2277 553 2319 non
585 2256 711 2338 propria
735 2254 895 2319 dilexerat.
943 2256 1085 2319 omnium
1109 2257 1192 2318 enim
1217 2257 1333 2318 extrin-

117 2384 202 2426 secus
225 2362 430 2426 adfluentium
454 2362 572 2426 lubrica
596 2371 627 2426 et
651 2362 770 2426 incerta
792 2363 950 2444 possessio
975 2370 1031 2424 est.

91 2487 112 2540 l,
201 2469 255 2532 Vl.
280 2467 395 2550 Cogita
424 2490 522 2543 nunc,
558 2490 598 2531 an
630 2467 701 2531 huic
731 2468 778 2531 fur
809 2476 864 2531 aut
894 2468 1100 2531 calumniator
1133 2478 1186 2532 aut
1218 2470 1334 2532 uicinus
1348 2491 1374 2534 au

117 2577 257 2658 inpotens
281 2583 335 2638 aut
358 2573 444 2637 diues
468 2575 576 2656 aliquis
601 2596 733 2656 regnum
758 2575 856 2637 orbae
872 2576 1041 2638 senectutis
1058 2595 1209 2638 exercens
1233 2576 1334 2640 lacere
1413 2657 1415 2664 y

117 2684 250 2746 iniuriam
276 2683 382 2763 possit,
406 2683 454 2744 cui
478 2682 594 2745 bellurn
620 2693 651 2746 et
674 2680 772 2744 hostis
800 2681 851 2744 ille
875 2683 1035 2764 egregiam
1060 2691 1160 2745 artem
1184 2703 1332 2764 quassan-
1363 2741 1365 2748 Α
1403 2705 1406 2713 “

88 2791 225 2855 2darum
249 2787 372 2880 urbium
396 2789 555 2871 professus
587 2790 705 2870 eripere
733 2787 807 2852 nihil
830 2790 941 2870 potuit.
987 2790 1067 2851 inter
1091 2790 1242 2872 micantes
1266 2789 1332 2851 ubi-

118 2917 175 2976 que
196 2894 319 2977 gladios
352 2904 383 2957 et
407 2893 571 2957 militarem
603 2896 634 2957 in
662 2897 770 2978 rapina
801 2893 984 2970 tumultum,
1015 2896 1094 2956 inter
1126 2895 1270 2958 flammas
1302 2906 1334 2958 et

119 3003 295 3083 sanguinem
319 3010 521 3082 stragemque
537 3000 677 3083 inpulsae
701 3003 840 3077 ciuitatis,
865 3003 944 3064 inter
964 3001 1122 3082 fragorem
1138 3001 1331 3084 templorum
1347 3025 1372 3064 n

119 3130 204 3190 super
235 3109 315 3170 deos
345 3128 419 3170 suos
443 3108 622 3170 cadentium
647 3109 698 3170 uni
721 3107 841 3171 homini
864 3129 929 3191 pax
954 3107 1016 3170 luit.
1061 3129 1124 3170 non
1149 3117 1197 3170 est
1220 3110 1334 3190 itaque,

119 3216 197 3295 quod
220 3215 325 3276 audax
348 3212 462 3276 iudices
486 3215 693 3296 promissum,
725 3215 810 3277 cuius
834 3215 905 3290 tibi,
938 3216 1097 3297 siparum
1121 3215 1194 3277 fidei
1225 3215 1333 3292 habes,

119 3341 297 3404 sponsorem
313 3320 408 3384 dabo.
441 3322 495 3384 uix
511 3322 594 3384 enim
611 3322 780 3385 credideris
797 3329 919 3384 tantum
940 3321 1094 3384 firmitatis
1118 3322 1148 3383 in
1172 3320 1332 3385 hominem

125 3497 131 3548 l
149 3499 256 3548 indurata
275 3495 438 3574 Pincianus:
460 3497 555 3548 indurat
647 3497 663 3550 2
682 3499 746 3547 uultu
836 3443 1012 3564 ὃξίξὲῗωῑ.
1025 3512 1079 3552 rec.
1093 3497 1243 3567 superscr.)

144 3619 150 3658 1
225 3617 228 3624 ·
338 3580 391 3668 aria

121 3672 216 3737 dedere
313 3675 394 3740 ique
412 3677 456 3738 (m.
474 3689 519 3744 pr.
539 3674 689 3743 superscr.)
806 3675 874 3724 salua
898 3675 966 3723 salua
990 3671 1081 3739 Koch,
1106 3691 1149 3724 sua
1172 3675 1240 3724 salua
1264 3673 1333 3724 salua

122 3759 229 3832 Lipsius:
251 3779 294 3844 sua
312 3764 381 3812 salua
471 3761 487 3814 8
507 3764 610 3828 Megara
628 3759 792 3816 Pincianus:
814 3765 942 3828 Megaram
1034 3763 1049 3816 9
1069 3763 1121 3829 poli
1139 3765 1248 3814 herceles

126 3849 149 3902 lll
170 3851 386 3912 oniammecum
412 3851 560 3922 (cupersan.
580 3867 613 3908 m.
628 3851 688 3921 pr.)
792 3851 824 3904 12
844 3852 967 3902 dicionem
987 3849 1083 3922 nulqo:
1103 3853 1244 3903 edicionem

127 3937 150 3990 13
172 3941 266 3990 uictoris
292 3941 369 4007 (uicto
394 3939 422 3992 in
440 3941 508 4006 ras.)
610 3939 642 3992 ll>
662 3948 733 4005 atque
758 3941 776 4004 (t
795 3954 833 3994 ex
852 3941 868 3989 d
888 3940 971 4008 corr.)
1071 3940 1103 3992 18
1122 3943 1245 3992 deleuerat

126 4077 151 4130 19
168 4081 287 4132 affluentia
371 4027 545 4147 arlilfilll'l}
565 4083 609 4148 (m.
628 4097 681 4136 reo.
700 4082 850 4151 superem.)
936 4083 969 4135 22
989 4087 1012 4133 et
1031 4084 1108 4132 hostis
1128 4083 1168 4132 ille
1188 4077 1287 4150 Neap:
1310 4089 1333 4130 et

124 4166 190 4216 hostis
207 4177 229 4218 et
247 4171 287 4220 ille
377 4169 411 4232 26
430 4187 486 4219 suos
505 4167 584 4223 labet
602 4169 661 4223 cod.
682 4169 758 4240 quod
776 4185 835 4223 cum
855 4169 1016 4224 detrimento
1034 4169 1181 4224 sententiae
1200 4168 1331 4222 omittitur

961 4269 992 4295 u.

125 4307 282 4364 uuonuullis
353 4311 386 4364 27
405 4313 483 4362 habes
503 4309 665 4366 Pincianus:
687 4313 769 4362 habeo
842 4315 876 4365 211
886 4255 1102 4377 fislddrlsdlirllmlm.
1117 4325 1169 4365 rec.
1182 4311 1330 4380 superam.)

201 4401 329 4451 credideris
347 4398 424 4454 Koclt
443 4399 523 4466 (conl.
538 4399 572 4454 de
584 4400 628 4454 ira
647 4405 671 4464 2,
686 4404 728 4464 ³6,
744 4401 786 4467 3):
809 4402 888 4450 credis
980 4401 1081 4454 homine
