3212 5318
280 349 345 412 216
431 345 509 390 ntra.
525 345 565 391 rx.
593 347 636 390 so
652 319 794 390 scabunt
809 347 850 390 ou
863 347 1127 402 muovnnrmra
1141 343 1239 390 sumt.
1266 347 1300 390 rr,
1317 347 1349 388 u.
1592 323 1593 360 l

278 489 367 551 exire
393 510 435 554 se.
482 492 706 574 promisitque,
736 494 762 556 si
784 493 860 577 quid
883 493 1096 578 explorasset,
1127 491 1359 556 circumiturum
1381 489 1504 550 amicos

279 607 312 660 et
327 597 543 674 indicaturum,
559 601 628 681 quis
644 610 728 663 esset
743 602 920 664 animorum
936 610 1045 666 status.
1069 619 1142 663 ecce
1154 600 1184 662 in
1196 597 1300 661 media
1308 602 1503 676 tempestate
1530 608 1552 660 10
1593 611 1594 632 ³

279 700 492 786 tranquillitas.
539 725 613 768 ecce
643 708 764 770 animus
792 709 976 772 aeternitate
999 709 1127 790 dignus,
1158 703 1332 787 quisatum
1356 698 1505 763 suumin
1594 734 1595 820 p

279 822 501 894 argumentum
524 813 590 874 ueri
613 823 716 891 uocat,
739 815 792 896 qui
815 815 845 876 in
869 814 980 878 ultimo
1002 814 1055 876 illo
1078 814 1179 894 gradu
1194 811 1314 894 positus
1329 814 1504 870 exeuntem
1594 825 1595 856 1

253 921 417 1006 sanimam
448 928 668 1000 percunctatur
699 941 758 984 nec
786 923 950 1004 usquead
974 930 1110 984 mortem
1134 929 1274 994 tantum,
1305 917 1363 978 sed
1386 912 1505 994 aliquid

280 1027 376 1088 etiam
400 1045 442 1088 ex
464 1027 532 1113 ipsa
555 1036 659 1089 morte
683 1029 794 1091 discit:
828 1049 925 1090 nemo
948 1029 1063 1091 diutius
1077 1023 1318 1108 philosophatus
1334 1030 1391 1084 est.
1438 1039 1506 1080 non

280 1135 395 1214 raptim
419 1131 608 1215 relinquetur
631 1153 765 1216 magnus
789 1135 835 1197 uir
858 1145 891 1199 et
914 1155 986 1198 cum
1010 1154 1085 1198 cura
1107 1133 1277 1196 dicendus:
1304 1128 1452 1192 dabimus
1472 1134 1506 1187 te

279 1240 310 1301 in
340 1259 471 1302 omnem
499 1240 702 1318 memoriam,
733 1240 939 1306 clarissimum
963 1250 1072 1324 caput,
1103 1239 1242 1324 Gaianae
1265 1236 1363 1300 cladis
1386 1251 1508 1313 magua

279 1347 403 1428 portio!
834 1327 839 1340 ’

242 1470 266 1510 ιο
359 1452 441 1546 ,ΧΨ
484 1451 551 1516 Sed
588 1452 663 1515 nihil
699 1457 832 1539 prodest
866 1457 1007 1538 priuatae
1034 1453 1175 1518 tristitiae
1202 1471 1313 1514 causas
1343 1447 1538 1512 abiecisset

280 1568 414 1641 occupat
445 1559 528 1622 enim
560 1581 799 1644 nonnumquam
830 1564 939 1626 odium
970 1563 1093 1644 generis
1123 1557 1259 1622 humani.
1314 1575 1388 1618 cum
1420 1553 1506 1633 cogi-

279 1665 409 1742 taueris‚
441 1687 536 1748 quam
567 1668 608 1731 sit
639 1689 709 1731 rara
740 1669 934 1751 simplicitas
952 1678 985 1731 et
1015 1687 1110 1751 quam
1138 1667 1252 1747 ignota
1271 1664 1456 1726 innocentia
1478 1668 1510 1721 et

279 1773 334 1835 uix
356 1791 525 1854 umquam,
556 1775 613 1836 nisi
636 1795 708 1837 cum
732 1777 880 1858 expedit,
910 1775 1006 1851 fides,
1031 1784 1063 1837 et
1086 1773 1256 1836 occurrerit
1278 1779 1329 1833 tot
1351 1766 1509 1830 scelerum

280 1877 414 1942 felicium
438 1879 531 1941 turba
554 1889 587 1942 et
609 1880 743 1945 libidinis
766 1881 852 1944 lucra
876 1884 1056 1964 damnaque
1078 1880 1195 1964 pariter
1210 1878 1311 1940 inuisa
1325 1885 1359 1938 et
1374 1872 1509 1936 ambitio

242 2003 379 2066 :susque
402 2003 442 2047 eo
465 1985 527 2048 iam
551 2005 585 2047 se
608 1987 670 2048 suis
693 2007 757 2060 non
780 1988 944 2050 continens
967 1987 1118 2062 terminis,
1142 1994 1177 2047 ut
1200 2004 1258 2067 per
1280 1979 1511 2064 turpitudinem

279 2089 462 2173 splendeat:
497 2092 601 2172 agitur
632 2093 754 2156 animus
785 2096 816 2156 in
846 2102 974 2157 noctem
1006 2102 1038 2156 et
1069 2091 1155 2156 uelut
1186 2090 1304 2153 euersis
1335 2084 1511 2159 uirtutibus,

279 2217 358 2280 quas
388 2217 448 2260 nec
474 2217 602 2280 sperare
631 2197 704 2262 licet
735 2219 795 2262 nec
817 2199 936 2262 habere
950 2197 1106 2282 prodest,
1137 2197 1290 2261 tenebrae
1314 2194 1511 2256 oboriuntur.

279 2297 314 2365 in
341 2302 404 2366 hoc
435 2305 540 2386 itaque
572 2304 718 2368 flectendi
749 2327 872 2382 sumus,
903 2316 939 2369 ut
970 2305 1077 2368 omnia
1106 2302 1194 2385 uolgi
1226 2303 1301 2365 uitia
1323 2321 1392 2363 non
1417 2298 1539 2361 inuisa:
1600 2369 1601 2372 Ἴ

279 2410 380 2485 nobiS,
403 2411 460 2473 sed
484 2410 612 2473 ridicula
633 2411 798 2475 uideantur
820 2421 853 2476 et
876 2391 1098 2475 Democritum
1113 2411 1221 2494 potius
1236 2410 1401 2471 imitemur
1417 2424 1511 2487 quam

240 2531 266 2572 ²⁰
280 2514 484 2580 Heraclitum.
530 2516 580 2579 hic
610 2521 711 2594 enim,
742 2519 889 2601 quotiens
916 2519 947 2580 in
969 2517 1129 2601 publicum
1153 2523 1375 2598 processerat,
1408 2511 1511 2584 flebat,

280 2621 331 2686 ille
364 2622 498 2686 ridebat.
558 2621 630 2686 huic
660 2626 782 2701 omnia,
817 2645 899 2708 quae
928 2627 1068 2705 agimus,
1104 2622 1264 2698 miseriae,
1301 2619 1345 2682 illi
1376 2617 1512 2700 ineptiae

280 2729 489 2792 uidebantur:
520 2729 675 2792 eleuanda
690 2751 767 2812 ergo
783 2733 892 2795 omnia
907 2743 939 2795 et
953 2731 1034 2794 sacili
1050 2731 1157 2794 animo
1172 2729 1312 2792 ferenda
1345 2725 1511 2788 humanius

281 2846 330 2899 est
352 2836 497 2898 den'dere
520 2838 618 2899 uitam
642 2857 737 2918 quam
761 2837 935 2920 deplorare.
982 2838 1184 2924 adice,quod
1207 2837 1250 2898 de
1272 2835 1420 2897 humano
1436 2844 1539 2914 quo-3

218 2955 221 2960 '
282 2963 343 3025 que
373 2963 491 3024 genere
521 2942 631 3006 melius
659 2954 798 3007 meretur
820 2946 873 3027 qui
895 2945 977 3008 ridet
999 2944 1090 3019 illud,
1121 2963 1219 3026 quam
1242 2942 1298 3024 qui
1320 2940 1431 3022 luget:
1464 2937 1511 3000 ille

242 3051 310 3110 uei
332 3050 399 3130 spei
420 3048 528 3111 bonae
550 3048 666 3130 aliquid
689 3050 841 3133 relinquit,
864 3050 915 3114 hic
934 3061 1041 3114 autem
1057 3049 1153 3114 stulte
1169 3047 1276 3124 deflet,
1300 3067 1386 3130 quae
1403 3045 1510 3125 corrigi

282 3173 377 3236 posse
407 3155 564 3236 desperat.
609 3163 643 3217 et
673 3157 815 3219 uniuersa
838 3156 1071 3240 contemplatus
1094 3156 1221 3220 maioris
1245 3155 1343 3217 animi
1368 3161 1432 3229 est,
1462 3150 1510 3232 qui

283 3260 379 3322 risum
401 3280 466 3321 non
489 3269 579 3323 tenet
601 3281 697 3343 quam
720 3262 773 3343 qui
795 3260 1108 3344 lacrimas„quando
1131 3260 1329 3324 lenissimum
1354 3258 1509 3322 adfectum

283 3365 378 3427 animi
400 3374 510 3428 mouet
534 3374 566 3427 et
589 3365 664 3427 nihil
686 3387 854 3449 magnum,
885 3368 958 3431 nihil
981 3370 1114 3445 serium,
1144 3389 1186 3430 ne
1209 3369 1364 3430 miserum
1389 3363 1509 3448 quidem

284 3491 327 3532 ex
350 3478 440 3532 tanto
463 3480 574 3554 paratu
597 3479 696 3552 putat.
741 3472 863 3554 singula
886 3483 1018 3557 propter
1032 3493 1115 3556 quae
1129 3472 1204 3537 laeti
1220 3493 1260 3535 ac
1274 3474 1386 3535 tristes
1401 3488 1509 3542 sumus,
1525 3478 1538 3530 l

244 3591 271 3631 :o
284 3575 343 3636 sibi
366 3576 497 3657 quisque
518 3584 681 3659 proponat
704 3585 737 3639 et
758 3582 837 3642 sciet
859 3599 969 3643 uerum
992 3582 1166 3663 essequod
1182 3580 1265 3642 Bion
1281 3580 1385 3642 dixit:
1411 3573 1511 3640 omnia

373 3783 390 3835 2
409 3785 493 3841 amoti
510 3782 570 3840 eod.
589 3787 727 3835 animarum
739 3783 823 3856 teulyo
912 3788 928 3840 6
946 3789 1136 3854 philosophatus
1148 3794 1185 3838 est
1196 3785 1333 3859 Madm‘q:
1355 3787 1509 3854 philosopha-

284 3931 321 3974 tus
339 3924 383 3972 sed
484 3921 501 3975 8
527 3877 599 3987 rapui
624 3923 645 3989 (t
662 3925 746 3990 corr.)
847 3927 905 3991 gaia
923 3945 954 3978 ne
972 3902 1054 3994 {iadis
1157 3929 1190 3983 13
1214 3934 1245 3982 ul
1264 3927 1508 3996 habeamusque

283 4023 405 4096 t'ttlelleqt'
419 4032 551 4096 possent,
574 4026 660 4082 uerba
684 4036 708 4078 et
732 4034 836 4081 occurrit
854 4039 890 4082 tot
907 4001 1026 4084 scelerum
1044 4036 1153 4085 felicium
1172 4037 1261 4103 turba,
1286 4051 1362 4106 quae
1380 4035 1409 4089 in
1426 4030 1509 4086 codiee

279 4121 348 4184 ΡΝ(
365 4116 461 4180 ἓωθῐῗδ
480 4115 581 4164 humani
594 4114 650 4180 (¹¹)
663 4116 843 4184 illumillum,
855 4125 925 4191 pos!
943 4123 1003 4172 fides
1018 4122 1109 4192 positi,
1127 4123 1166 4176 ita
1178 4129 1209 4176 ut
1221 4126 1333 4174 occurrit
1346 4124 1375 4177 in
1387 4120 1509 4174 occurrerit

285 4207 435 4260 mutarem
457 4199 539 4254 Gertz
558 4201 645 4256 uerba
663 4220 718 4253 cum
737 4209 883 4271 cogitaueris
902 4209 959 4278 (tt)
978 4208 1071 4266 delere
1088 4210 1184 4266 maluit
1278 4213 1315 4266 17
1335 4215 1435 4270 tenebre

285 4337 320 4394 18
345 4341 412 4406 uulgi
508 4341 543 4394 24
567 4343 859 4414 linamentum.)
953 4351 988 4405 25
1013 4353 1036 4403 ei
1057 4349 1154 4407 Gertz:
1176 4361 1200 4404 et
1299 4309 1403 4422 relinqti

286 4424 321 4488 27
338 4427 489 4484 lenissimum
510 4426 607 4492 Gertz:
627 4432 754 4494 leuissimi}
842 4436 877 4494 28
894 4441 983 4491 serium
1002 4437 1134 4512 Medeia:
1155 4459 1182 4492 se
1200 4449 1265 4508 uerti
