3212 5318
277 358 343 422 222
492 337 614 398 orau'x.
641 354 684 396 nu
699 353 853 396 rnvnrnvn
868 353 909 396 aa
923 355 1092 400 aaavrrnra
1105 351 1204 396 virne.
1235 357 1253 398 ι.
1268 353 1289 398 r.

1596 433 1597 462 l

277 504 303 566 si
325 495 414 567 bono
439 503 563 566 custodi
586 501 723 565 traditae
745 511 828 578 sunt,
852 523 909 564 usu
932 511 1096 565 crescunt:
1122 505 1167 567 ita
1191 510 1279 566 aetas
1295 509 1405 563 nostra
1419 500 1500 562 bene

278 610 458 692 disponenti
481 608 615 672 multum
637 617 735 690 patet

367 715 404 778 ll.
451 715 537 797 Quid
569 715 610 776 de
633 733 736 776 rerum
760 722 870 775 natura
892 717 1071 796 querimur?
1103 714 1156 777 illa
1178 735 1213 776 se
1235 715 1374 796 benigne
1396 713 1527 794 gessitt

279 825 351 896 uita,
375 822 401 884 si
424 825 469 884 uti
491 824 578 896 scias,
601 818 698 900 longa
721 829 779 882 est.
810 819 904 881 alium
928 821 1110 883 insatiabilis
1133 829 1222 884 tenet
1245 801 1382 895 auaritia,
1406 819 1501 882 alium

253 931 309 990 rin
334 931 533 1009 superuacuis
557 926 718 990 laboribus
742 945 879 1008 operosa
901 925 1061 990 sedulitas.
1092 926 1169 990 alius
1186 930 1259 990 uino
1276 928 1393 990 madet
1424 927 1502 988 alius
1597 953 1598 978 r

279 1035 389 1096 inertia
411 1043 526 1116 torpet
569 1032 663 1094 alium
688 1031 842 1112 defatigat
866 1051 908 1093 ex
931 1030 1038 1095 alienis
1061 1034 1179 1096 iudiciis
1201 1053 1354 1114 suspensa
1376 1053 1503 1114 semper

280 1141 420 1203 ambitio,
466 1139 560 1204 alium
592 1139 753 1204 mercandi
783 1157 935 1220 praeceps
950 1139 1120 1220 ,cupiditas
1151 1142 1233 1204 circa
1261 1139 1365 1202 omnis
1392 1148 1503 1212 terras,

280 1247 388 1309 omnia
418 1247 515 1308 maria
545 1266 603 1326 spe
633 1246 709 1308 lucri
739 1246 834 1308 ducit.
878 1247 1037 1328 quosdam
1068 1255 1196 1328 torquet
1227 1247 1344 1327 cupido
1375 1244 1504 1307 militiae

280 1372 453 1434 numquam
477 1372 542 1413 non
564 1361 618 1414 aut
641 1350 748 1414 alienis
771 1350 914 1432 periculis
937 1353 1077 1414 intentos
1100 1361 1155 1415 aut
1176 1354 1239 1415 suis
1262 1354 1381 1415 anxios.
1429 1360 1504 1413 sunt
1532 1357 1538 1366 “

244 1473 360 1540 roquos
395 1459 534 1539 ingratus
569 1457 764 1540 superiorum
800 1455 901 1518 cultus
936 1455 1112 1520 uoluntaria
1146 1460 1297 1521 seruitute
1326 1465 1503 1520 consumat.

281 1562 399 1627 multos
431 1573 485 1625 aut
513 1563 683 1625 adfectatio
708 1561 827 1625 alienae
856 1562 1001 1626 fortunae
1024 1573 1080 1627 aut
1101 1583 1177 1626 suae
1199 1561 1338 1644 querella
1361 1562 1532 1624 detinuit?

281 1667 448 1751 plerosque
479 1667 553 1731 nihil
584 1677 704 1730 certum
736 1671 897 1750 sequentis
928 1689 1011 1750 uaga
1041 1678 1073 1733 et
1097 1670 1277 1732 inconstans
1301 1679 1334 1734 et
1356 1667 1416 1730 sibi
1440 1669 1502 1729 dis-

281 1776 400 1858 plicens
430 1775 541 1838 leuitas
573 1796 630 1856 per
661 1795 745 1836 noua
767 1773 896 1836 consilia
919 1777 1055 1838 iactauit.
1100 1775 1291 1858 quibusdam
1315 1772 1407 1849 nihil,
1438 1794 1503 1854 quo

282 1903 406 1944 cursum
431 1883 584 1962 dirigant,
617 1880 739 1962 placet,
762 1883 819 1942 sed
844 1884 1011 1944 marcentis
1036 1875 1260 1964 oscitantisque
1283 1880 1347 1943 fata
1369 1879 1503 1961 depren-

245 2006 267 2044 n
282 1988 368 2064 dunt,
392 1988 474 2051 adeo
499 1998 532 2049 ut
555 1988 642 2070 quod
666 1989 751 2068 apud
767 1989 944 2048 maximum
961 1997 1127 2068 poetarum
1146 2008 1235 2050 more
1250 1986 1366 2050 oraculi
1383 1988 1503 2048 dictum

282 2104 338 2170 est,
363 2115 472 2156 uerum
496 2105 653 2156 essenon
678 2092 840 2156 dubitem:

480 2241 484 2252 »
546 2204 649 2276 exigna
666 2211 741 2278 pars
764 2210 804 2260 est
825 2203 901 2260 ur'tae
923 2221 1010 2276 quam
1034 2221 1085 2260 nos
1108 2202 1238 2261 uiuimus.

282 2318 421 2372 ceterum
444 2306 572 2390 quidem
597 2326 694 2368 omne
709 2308 845 2388 spatium
861 2326 926 2367 non
942 2307 1015 2381 nita,
1038 2308 1095 2368 sed
1112 2315 1239 2388 tempus
1255 2316 1312 2370 est.
1343 2319 1459 2388 urgent
1474 2318 1503 2368 et
1520 2313 1532 2362 3

282 2419 487 2478 circumstant
526 2414 600 2474 uitia
636 2413 775 2494 undique
805 2433 863 2476 nec
894 2433 1057 2494 resurgere
1087 2423 1142 2476 aut
1172 2414 1204 2474 in
1235 2414 1414 2495 dispectum
1445 2413 1505 2474 ueri

242 2535 268 2576 2⁰
283 2521 438 2584 adtollere
466 2519 575 2582 oculos
606 2522 726 2596 sinunt,
757 2520 814 2582 sed
847 2520 1012 2583 demersos
1043 2529 1076 2582 et
1106 2522 1137 2582 in
1161 2521 1368 2601 cupiditatem
1392 2519 1505 2582 infixos

283 2639 439 2710 premunt.
486 2647 659 2710 numquam
675 2626 748 2704 ,illis
772 2647 931 2690 recurrere
954 2629 995 2688 ad
1019 2648 1053 2706 se
1077 2626 1158 2689 licet.
1204 2628 1381 2708 siquando
1406 2626 1505 2708 aliqua

283 2735 412 2798 fortuito
436 2734 523 2819 quies
546 2733 686 2813 contigit,
709 2732 795 2795 uelut
817 2732 1010 2816 profundum
1034 2753 1130 2809 mare,
1153 2736 1185 2796 in
1207 2754 1272 2815 quo
1287 2743 1363 2815 post
1378 2743 1504 2796 uentum

283 2861 411 2926 quoque
434 2840 588 2904 uolutatio
612 2848 668 2915 est,
693 2839 881 2903 fluctuantur
904 2859 963 2902 nec
986 2859 1136 2923 umquam
1161 2838 1219 2903 illis
1243 2861 1263 2902 a
1285 2841 1505 2923 cupiditatibus

284 2952 347 3011 suis
370 2949 470 3011 otium
494 2956 564 3009 stat.
611 2948 653 3008 de
683 2947 748 3008 istis
772 2967 824 3009 me
847 2955 939 3027 putas
963 2948 1124 3023 disserere,
1148 2967 1283 3028 quorum
1307 2947 1337 3008 in
1361 2945 1534 3010 confessol

244 3068 270 3106 ²³
285 3055 368 3117 mala
390 3058 482 3117 sunt?
506 3054 635 3135 adspice
658 3052 735 3128 illos,
760 3053 801 3114 ad
825 3072 960 3133 quorum
983 3052 1163 3130 felicitatem
1181 3053 1391 3116 concurritur:
1418 3053 1505 3114 bonis

286 3162 347 3223 suis
379 3160 562 3222 offocantur.
613 3179 709 3240 quam
741 3158 847 3221 multis
879 3161 1005 3223 diuitiae
1036 3179 1149 3242 graues
1180 3163 1272 3222 sunt?
1304 3179 1400 3240 quam
1431 3156 1503 3221 mul-

377 3335 387 3388 l
410 3338 462 3385 nisu
482 3335 519 3402 (fn
539 3350 623 3404 marq.
644 3349 678 3390 m.
698 3335 713 3385 l
733 3335 828 3395 cusu)
917 3331 934 3385 4
952 3335 997 3384 sed
1015 3337 1089 3385 aliurn
1110 3331 1192 3388 Gertz
1210 3333 1269 3387 sine
1286 3332 1387 3388 idonea
1405 3334 1505 3387 ratione

376 3425 515 3490 numqua
618 3425 648 3476 11
676 3423 800 3473 affectatio
901 3423 1013 3474 fortrmae
1031 3421 1196 3477 domoras:
1217 3425 1297 3488 forme
1403 3423 1505 3494 querella

287 3563 417 3636 Madnt'q:
438 3583 487 3631 qua
577 3563 610 3618 12
635 3565 769 3630 plerosque
859 3564 1003 3630 sequentis*
1102 3563 1136 3616 14
1159 3541 1253 3614 cursum
1344 3509 1382 3615 sel¹
1398 3521 1504 3613 marcelle

394 3653 427 3706 15
453 3659 510 3718 aput
533 3657 553 3716 (t
572 3653 656 3719 corr.)
789 3651 823 3704 17
847 3654 920 3702 uitae
942 3651 1044 3722 (parua
1060 3649 1127 3720 rar.)
1240 3669 1316 3717 quarn
1340 3669 1385 3702 ncs
1408 3653 1504 3701 uiuimus

287 3742 437 3797 Pincianus
455 3747 481 3794 et
499 3740 554 3794 El:
575 3759 623 3807 qua
641 3743 744 3791 uiuimus
852 3739 885 3792 18
908 3747 995 3806 urgent
1014 3746 1038 3790 el
1056 3737 1186 3810 Madnfq:
1207 3747 1320 3806 urgentes
1426 3739 1456 3792 19
1476 3735 1502 3786 ¹in

288 3835 423 3898 dispectum
443 3829 611 3902 olimvcorrrz
632 3831 777 3895 indespectu
879 3828 913 3880 20
938 3830 1048 3879 attollere
1149 3831 1192 3879 sed
1211 3830 1336 3880 demersos
1356 3826 1502 3888 Pincianus,

287 3919 336 3992 qni
352 3918 464 3989 sempsit
483 3922 571 3971 lamen
590 3935 683 3969 mersos
703 3918 837 3984 (demersos
856 3914 998 3986 Madnfqlr
1019 3923 1043 3967 et
1062 3935 1169 3968 emersos
1270 3917 1304 3970 22
1331 3919 1394 3968 uelut
1411 3916 1501 3982 profun-

288 4012 347 4060 dum
365 4026 434 4058 mare
455 4005 552 4060 Gertz:
573 4007 637 4056 uelut
655 4007 778 4072 profundo
797 4008 860 4056 mari
978 4005 1011 4058 23
1037 4009 1181 4057 fluctuantur
1200 4003 1366 4059 deteriore-5:
1386 4005 1501 4054 fluctuatur

395 4096 569 4162 cupiditatibus
588 4095 636 4144 suis
654 4092 818 4148 deteriores:
840 4095 1014 4162 cupiditatibus
1034 4096 1070 4144 nis
1190 4093 1224 4148 24
1249 4100 1297 4144 slat
1316 4091 1441 4162 Maduiq:
1459 4093 1500 4139 ista

289 4191 364 4265 (nota
382 4182 521 4254 adposita)
611 4184 729 4240 disserere
747 4181 846 4252 culpor
867 4185 988 4234 discerere
1007 4185 1042 4248 (re
1060 4178 1184 4237 additum
1203 4200 1221 4236 a
1239 4196 1312 4235 corr⁴
1323 4197 1381 4236 erra
1393 4177 1498 4237 radetur)

378 4273 412 4326 25
426 4274 509 4338 aspice
598 4273 631 4321 ad
645 4271 673 4338 (d
685 4285 723 4324 ea
735 4277 745 4320 t
757 4272 841 4338 corr.)
928 4273 1081 4324 concurritur
1093 4271 1257 4326 detortam:
1279 4269 1380 4322 Ecurmt
1392 4269 1427 4335 (rii
1438 4265 1498 4329 ras.)

378 4360 413 4413 26
438 4363 575 4411 offocantur
593 4356 728 4430 Gearyee,
747 4361 895 4410 suffocantur
915 4357 1062 4414 Gruterus:
1084 4361 1219 4412 effocentnr
1242 4358 1282 4426 (ln
1300 4373 1385 4426 many.
1402 4369 1465 4408 man.
1481 4354 1496 4402 3

291 4450 435 4516 xffocantur)
1272 4461 1276 4468 ·
