3184 5318
282 355 362 400 otta.
378 355 418 400 lx.
445 355 488 398 ho
504 353 646 396 ssxmvtt
661 353 702 396 DE
716 353 983 407 rxhxqvttbtrasx
997 353 1096 401 ANIMI.
1124 355 1144 399 8.
1263 361 1324 423 199

102 499 289 582 reipublicae
324 499 513 565 tractatione
548 509 581 564 et
616 499 726 564 officiis
749 499 896 564 ciuilibus
926 519 961 562 se
991 501 1139 565 detinere
1185 520 1259 563 nam
1291 509 1325 562 ut

102 607 228 688 quidam
259 605 328 670 sole
359 616 455 689 atque
487 608 713 671 exercitatione
744 615 777 670 et
808 627 883 669 cura
918 609 1058 690 corporis
1091 606 1176 669 diem
1207 608 1327 670 ducunt

102 712 289 794 athletisque
320 713 415 795 longe
446 713 643 777 utilissimum
674 721 723 776 est
753 712 888 776 lacertos
916 731 992 776 suos
1015 712 1190 795 roburque,
1221 714 1269 774 cui
1292 734 1327 776 se

29 839 32 848 ·
102 821 149 882 uni
180 820 380 895 dicauerunt,
412 823 532 884 maiore
554 820 707 904 temporis
730 827 821 902 parte
844 819 975 882 nutrire:
1007 821 1051 882 ita
1073 819 1165 882 uobis
1188 820 1326 882 animum

101 927 140 988 ad
170 945 277 989 rerum
301 925 436 990 ciuilium
460 936 621 1008 certamen
644 924 828 1009 parantibus
851 927 882 988 in
907 944 1003 1007 opere
1026 945 1096 988 esse
1121 925 1206 1006 [non]
1231 924 1352 1006 longer

100 1030 344 1113 pulcherrimum
368 1041 425 1096 est.
463 1053 537 1096 nam
561 1051 633 1095 curn
657 1031 765 1096 utilem
789 1051 824 1094 se
847 1029 970 1094 efficere
991 1031 1109 1094 ciuibus
1125 1031 1325 1096 mortalibus-

6 1167 7 1172 *
101 1158 160 1220 que
191 1139 391 1222 propositum
423 1138 556 1214 habeat,
588 1136 679 1201 simul
711 1147 742 1200 et
774 1145 942 1200 exercetur
972 1147 1004 1200 et
1035 1136 1176 1219 proficit,
1212 1138 1265 1219 qui
1295 1140 1326 1200 in

103 1245 212 1307 mediis
243 1265 279 1307 se
310 1243 418 1308 officiis
450 1246 555 1326 posuit
587 1243 769 1308 communia
798 1235 985 1325 priuataque
1015 1242 1247 1326 pro'sacultate
1270 1244 1325 1307 ad-

74 1354 286 1418 tministrans.
317 1351 374 1414 sed
397 1353 470 1432 quia
493 1353 524 1414 in
541 1350 610 1426 hac,
633 1351 742 1431 inquit,
765 1358 831 1414 tam
848 1351 957 1412 insana
972 1349 1137 1412 hominum
1154 1350 1327 1414 ambitione

6 1479 7 1520 1
103 1467 147 1522 tot
170 1456 449 1521 calumniatoribus
472 1457 502 1520 in
525 1459 663 1520 deterius
687 1465 774 1520 recta
796 1455 1016 1537 torquentibus
1039 1477 1150 1540 parum
1166 1465 1237 1520 tuta
1251 1458 1325 1518 sim·
1343 1472 1367 1514 u

6 1599 7 1602 π
103 1564 219 1645 plicitas
250 1572 299 1627 est
322 1573 356 1626 et
373 1561 447 1645 plus
470 1562 607 1627 futurum
631 1582 758 1645 semper
781 1571 829 1626 est
860 1563 947 1645 quod
978 1562 1086 1626 obstet
1119 1582 1215 1646 quam
1239 1564 1327 1645 quod

6 1717 8 1746 ,
102 1671 264 1745 succedat,
295 1691 314 1734 a
345 1671 414 1734 foro
445 1671 574 1753 quidem
603 1679 636 1732 et
659 1667 786 1752 publico
810 1670 1022 1732 recedendum
1046 1679 1109 1746 est,
1140 1672 1198 1733 sed
1220 1669 1327 1745 habet,

6 1811 7 1818 ,
103 1776 151 1839 ubi
180 1797 216 1838 se
247 1779 342 1840 etiam
374 1779 404 1840 in
434 1779 558 1860 priuato
589 1775 662 1840 laxe
694 1774 832 1857 explicet
864 1793 998 1856 magnus
1029 1779 1160 1840 animus.
1207 1797 1266 1839 nec
1293 1786 1328 1840 ut

6 1891 7 1980 ἐ
102 1883 225 1946 leonum
249 1883 492 1966 animaliumque
515 1885 640 1965 inpetus
663 1885 766 1946 caueis
790 1891 961 1958 coercetur,
985 1885 1028 1946 sic
1051 1882 1227 1958 hominum,
1249 1903 1326 1964 quo-

6 2003 8 2064 }
73 2001 166 2054 arum
198 1991 360 2052 maximae
389 1992 421 2052 in
443 1990 576 2052 seducto
600 1989 740 2054 actiones
763 1999 845 2052 suut.
890 1991 935 2052 ita
957 1997 1065 2052 tamen
1089 1988 1262 2064 delituerit,
1293 1996 1367 2051 utu

6 2093 7 2098 ’
101 2095 288 2176 ubicumque
318 2097 419 2160 otium
450 2115 542 2158 suum
574 2095 793 2170 absconderit,
824 2096 979 2176 prodesse
1009 2093 1083 2158 uelit
1110 2094 1238 2177 singulis
1262 2096 1326 2157 uni-

101 2201 257 2282 uersisque
287 2201 429 2282 ingenio,
461 2221 556 2277 uoce,
589 2200 727 2264 consilio.
774 2219 833 2264 nec
864 2202 947 2262 enim
979 2201 1005 2264 is
1028 2199 1114 2264 solus
1138 2201 1328 2283 reipublicae

101 2307 244 2388 prodest,
273 2309 327 2390 qui
351 2309 540 2370 candidatos
564 2307 703 2371 extrahit
727 2317 759 2372 et
782 2315 887 2370 tuetur
911 2326 982 2370 reos
1006 2315 1039 2369 et
1062 2306 1102 2370 de
1125 2328 1204 2389 pace
1227 2306 1326 2371 bello-

102 2433 158 2493 que
181 2423 299 2489 censet,
322 2414 379 2477 sed
403 2417 455 2496 qui
478 2416 673 2477 iuuentutem
699 2412 902 2489 exhortatur,
926 2414 979 2495 qui
1002 2415 1032 2476 in
1056 2423 1147 2477 tanta
1168 2415 1327 2478 bonorum

102 2519 339 2601 praeceptorum
370 2523 476 2602 inopia
505 2521 651 2608 uirtutem
683 2518 811 2583 instillat
842 2521 968 2595 animis,
1000 2521 1052 2602 qui
1082 2520 1125 2582 ad
1154 2521 1360 2602 pecuniane

103 2623 316 2706 luxuriamque
345 2647 436 2688 cursu
467 2627 585 2689 ruentis
616 2635 744 2708 prensat
775 2645 812 2689 ac
843 2625 973 2690 retrahit
1004 2637 1053 2702 et,
1085 2627 1111 2689 si
1135 2625 1208 2688 nihil
1236 2626 1327 2690 aliud,

75 2740 184 2796 lccrte
215 2741 374 2808 moratur,
405 2734 435 2795 in
466 2734 590 2814 priuato
621 2730 781 2814 publicum
813 2734 977 2813 negotium
1002 2733 1075 2814 agit.
1122 2750 1162 2794 an
1184 2730 1235 2794 ille
1257 2731 1327 2813 plus

106 2847 246 2916 praestat,
269 2840 322 2920 qui
345 2841 425 2903 inter
448 2841 631 2920 peregrinos
655 2846 688 2901 et
711 2841 794 2903 ciues
817 2847 872 2902 aut
897 2837 1032 2900 urbanus
1055 2847 1185 2919 praetor
1207 2838 1325 2900 adeun-

107 2941 181 3005 tibus
204 2945 378 3008 adsessoris
401 2945 499 3008 uerba
520 2946 722 3027 pronuntiat,
746 2965 842 3027 quam
866 2945 919 3027 qui
942 2946 1019 3026 quid
1042 2946 1081 3008 sit
1104 2945 1227 3020 iustitia,
1250 2945 1326 3026 quid

108 3051 208 3128 pietas,
229 3053 306 3133 quid
329 3053 490 3134 patientia,
513 3050 588 3134 quid
609 3050 772 3128 fortitudo,
796 3053 871 3132 quid
888 3051 1000 3114 mortis
1016 3059 1229 3132 contemptus,
1251 3051 1328 3131 quid
1341 3062 1367 3103 2⁵

109 3155 230 3219 deorum
261 3157 453 3234 intellectus,
491 3168 645 3240 quantum
677 3160 886 3238 gratuitorum
917 3157 1076 3220 bonorum
1108 3143 1148 3220 sit
1178 3156 1212 3218 in
1243 3157 1328 3220 bona

80 3264 310 3328 tconscientia?
343 3269 420 3346 ergo
451 3266 477 3328 si
499 3274 626 3346 tempus
656 3266 687 3326 in
709 3265 813 3328 studia
836 3261 995 3339 conferas,
1027 3265 1115 3346 quod
1139 3263 1327 3327 subduxeris

110 3419 311 3434 *—-———-—-

110 3523 121 3574 l
141 3511 218 3580 rei-1³.
316 3529 332 3579 2
357 3528 447 3578 ducunt
465 3523 605 3583 Muretus:
627 3529 732 3580 educunt
751 3525 821 3590 cod,
840 3525 879 3580 ad
896 3525 972 3597 quod
991 3524 1191 3596 defendendum
1211 3525 1262 3580 uix
1280 3523 1328 3579 ad·
1430 3551 1432 3556 v

109 3607 193 3668 libere
209 3613 271 3669 licet
290 3613 325 3668 de
343 3613 417 3672 bren.
436 3613 482 3673 uir.
493 3619 550 3680 ,t,2
569 3624 595 3667 ut
613 3619 690 3698 quinaN
706 3623 746 3666 aut
767 3617 830 3666 dena
849 3616 946 3666 saecula
966 3615 1097 3665 educerent
1189 3613 1204 3666 3
1224 3615 1326 3680 roborq;

191 3755 296 3824 5[non]
316 3756 390 3822 longe
411 3753 467 3849 lii:
488 3774 537 3806 non
556 3757 630 3824 longe
714 3709 811 3822 ilinqd
902 3755 934 3809 14
953 3757 1057 3822 impetus
1157 3755 1186 3808 lh
1206 3756 1328 3804 maximae

110 3857 223 3930 Lipsius:
245 3864 353 3914 maxime
421 3843 496 3916 Ἰ17
522 3864 605 3917 rei-P.
714 3863 748 3916 20
774 3863 875 3914 instillat
893 3860 1001 3916 Haase:
1023 3862 1130 3913 instituat
1234 3862 1328 3910 animus

112 3947 234 4006 sedcorr.
254 3953 274 4002 is
365 3949 398 4004 21
418 3967 488 4001 cursu
508 3948 674 4005 deteriores:
695 3957 768 4003 cursil
854 3951 887 4005 23
907 3953 1013 4001 urbanus
1033 3948 1200 4004 deteriores:
1221 3948 1328 3998 urbanos

189 4099 271 4156 pretor
362 4091 396 4145 24
415 4107 489 4158 quam
508 4093 549 4158 qui
568 4093 627 4157 quid
640 4090 704 4146 olim
717 4107 806 4146 eorm:
828 4050 939 4159 ntichuid
1030 4089 1063 4143 26
1083 4095 1177 4156 quantu
1196 4087 1328 4154 gratuitati

112 4177 208 4232 homint't
226 4183 256 4231 sit
275 4183 342 4232 bona
361 4179 421 4238 cod.
441 4193 557 4246 quantum
576 4183 738 4246 gratuitorum
757 4183 879 4232 bonorum
898 4182 928 4230 sit
948 4182 971 4230 in
997 4181 1064 4229 bona
1083 4175 1172 4244 Koch,
1197 4173 1270 4243 cons.
1290 4171 1330 4227 ad

115 4261 228 4322 Heluium
247 4274 360 4323 matrem
374 4271 428 4332 5,ss
448 4271 473 4319 in
491 4269 539 4319 illis
557 4285 620 4334 quae
639 4285 724 4319 omnes
743 4277 830 4334 optant
849 4269 984 4319 existimaui
1003 4283 1100 4332 semper
1117 4266 1179 4316 nihil
1198 4264 1248 4314 ueri
1267 4264 1327 4314 boni

116 4352 197 4412 inesse:
226 4373 285 4430 epp.
305 4363 348 4420 ll,
369 4362 380 4410 l
409 4359 429 4408 si
447 4359 508 4423 quid
526 4363 561 4408 est
581 4359 648 4409 aliud
666 4359 691 4408 in
710 4359 870 4423 philosophia
889 4358 963 4410 boni:
992 4353 1044 4412 Cic.
1066 4353 1091 4408 Τ
1089 4368 1144 4408 uso.
1168 4359 1189 4416 l,
1209 4355 1241 4406 ts
1268 4352 1328 4419 quid

119 4441 139 4490 in
156 4453 228 4498 morte
244 4449 305 4498 boni
324 4448 362 4500 sit.
404 4452 521 4514 quantum
539 4448 647 4513 gratuito
666 4447 758 4496 bouum
777 4447 807 4496 sit
825 4446 892 4495 bona
910 4441 1024 4512 Maduip
