3254 5314
288 393 351 453 290
499 386 580 429 DIAL.
590 385 642 429 Xll.
672 386 712 427 Ab
728 386 880 428 POLYBIVM
895 387 936 427 DE
951 387 1200 430 CONSOLATIONE:
1222 391 1300 434 l'l.18.

197 563 201 572 =
286 553 417 614 possum
449 544 572 608 tamen,
604 554 675 597 cum
708 553 819 594 omnes
851 533 1022 595 circuierim
1046 533 1214 606 Caesares,
1245 535 1357 616 quibus
1388 534 1518 597 fortuna

286 640 396 702 fratres
434 660 623 721 sororesque
662 641 787 722 eripuit,
825 641 908 702 hunc
945 642 1114 722 praeterire
1150 663 1191 703 ex
1223 643 1310 704 omni
1342 642 1517 705 Caesarum

287 768 418 810 nurnero
443 747 689 827 excerpendum,
713 765 808 828 quem
831 766 935 808 rerum
960 756 1070 809 natura
1093 749 1122 809 in
1144 749 1275 810 exitium
1292 749 1516 830 opprobrium-

287 876 349 936 que
371 854 499 916 humani
523 855 646 934 generis
667 854 774 927 edidit,
798 873 895 933 aquo
912 855 1075 934 Imperium
1092 875 1236 917 euersum
1253 864 1349 936 atque
1365 856 1518 916 adustum

260 962 424 1026 sfunditus
456 962 601 1042 principis
633 961 784 1022 mitissimi
815 969 936 1022 recreat
966 960 1140 1023 clementia.
1181 961 1222 1024 .C.
1253 960 1369 1023 Caesar
1399 963 1560 1030 amissae

286 1089 397 1130 sorore
420 1067 571 1142 Drusilla,
604 1067 628 1128 is
660 1066 775 1141 homo,
807 1068 859 1147 qui
890 1087 954 1130 non
985 1069 1085 1149 magis
1117 1067 1226 1130 dolere
1256 1089 1351 1149 quam
1375 1068 1519 1147 gaudere

286 1175 497 1259 principaliter
520 1183 638 1256 posset,
662 1183 869 1256 conspectum
894 1177 1232 1256 conuersationemque
1256 1176 1368 1238 ciuium
1384 1196 1518 1237 suorum
1562 1157 1567 1162 ⁵

286 1281 442 1364 profugit,
481 1281 623 1361 exequiis
658 1281 774 1343 sororis
814 1300 889 1342 suae
920 1301 983 1343 non
1014 1282 1168 1356 interfuit,
1207 1283 1288 1344 iusta
1318 1283 1417 1344 sorori
1449 1302 1519 1342 non

286 1389 455 1472 praestitit,
478 1389 535 1449 sed
559 1389 589 1448 in
613 1387 743 1450 Albano
767 1408 825 1449 suo
849 1389 975 1450 tesseris
998 1409 1036 1450 ac
1060 1388 1129 1451 soro
1153 1398 1184 1450 et
1207 1390 1386 1471 peruagatis
1409 1387 1517 1450 huius-

250 1519 274 1559 ιο
289 1497 376 1558 modi
407 1494 471 1558 aliis
502 1495 762 1576 occupationibus
793 1495 982 1556 acerbissimi
1011 1494 1124 1558 funeris
1148 1496 1294 1558 eleuabat
1318 1495 1408 1558 mala.
1456 1516 1519 1575 pro

286 1604 391 1686 pudor
422 1603 561 1684 imperii!
602 1602 748 1684 principis
771 1603 908 1663 Romani
939 1601 1073 1682 lugentis
1104 1624 1248 1666 sororem
1272 1603 1340 1666 alea
1362 1603 1518 1666 solacium

286 1710 349 1772 luit.
396 1711 480 1771 idem
510 1709 559 1771 ille
584 1709 679 1771 Gaius
703 1708 818 1770 furiosa
841 1711 1048 1773 inconstantia
1072 1711 1171 1772 modo
1195 1710 1329 1773 barbam
1352 1710 1518 1793 capillum·
1540 1723 1557 1775 5

287 1837 348 1897 que
365 1819 573 1890 summittens,
599 1817 698 1878 modo
714 1815 822 1878 Italiae
838 1836 875 1877 ac
891 1813 1010 1878 Siciliae
1027 1837 1099 1879 oras
1115 1817 1309 1878 errabundus
1323 1818 1519 1898 permetiens

288 1932 320 1986 et
351 1943 524 2005 numquam
556 1924 632 1986 satis
666 1933 785 1998 certus,
817 1933 921 1986 utrum
952 1923 1052 2005 lugeri
1082 1924 1176 1986 uellet
1207 1945 1246 1986 an
1275 1924 1334 1986 coli
1362 1945 1519 1998 sororem,

249 2033 403 2092 neodem
436 2031 521 2092 omni
551 2039 714 2112 tempore,
746 2050 810 2111 quo
833 2029 954 2113 templa
976 2030 1016 2093 illi
1040 2032 1251 2093 constituebat
1275 2049 1312 2092 ac
1334 2030 1519 2113 puluinaria,

286 2159 342 2200 eos
381 2138 432 2219 qui
469 2157 580 2220 parum
612 2137 725 2200 maesti
755 2137 891 2212 fuerant,
931 2137 1144 2199 crudelissima
1174 2137 1342 2200 adficiebat
1372 2140 1518 2200 animad-

286 2246 439 2306 uersione.
487 2246 601 2306 eadem
633 2245 715 2306 enirn
747 2244 932 2327 intemperie
962 2245 1057 2306 animi
1081 2247 1284 2307 aduersarum
1309 2265 1412 2306 rerum
1437 2245 1520 2307 ictus

287 2351 373 2412 lereb
385 2362 416 2426 rt,
436 2373 498 2433 qua
514 2353 722 2413 secundarum
740 2350 840 2412 elatus
856 2361 972 2414 euentu
987 2372 1081 2432 super
1097 2354 1269 2414 humanum
1286 2352 1520 2414 intumescebat

288 2459 428 2519 modum.
475 2459 585 2540 procul
609 2459 692 2520 istud
713 2458 896 2540 exemplum
914 2458 955 2520 ab
972 2463 1058 2521 omni
1075 2461 1224 2520 Romano
1240 2462 1280 2521 sit
1296 2460 1372 2532 ulr0‚
1395 2457 1517 2520 luctum
1539 2467 1556 2520 6

247 2585 272 2623 20
287 2587 378 2626 suum
410 2576 464 2628 aut
495 2566 722 2646 intempestiuis
753 2585 888 2626 auocare
918 2564 1037 2628 lusibus
1060 2575 1113 2627 aut
1137 2567 1278 2628 sordium
1303 2586 1340 2628 ac
1362 2563 1517 2645 squaloris

287 2672 439 2734 foeditate
463 2674 588 2735 inritare
612 2682 666 2734 aut
682 2672 788 2734 alienis
805 2672 895 2734 malis
911 2673 1072 2736 oblectare
1089 2673 1216 2735 minime
1231 2672 1371 2734 humano
1386 2671 1516 2734 solacio

377 2779 493 2841 XVIII.
532 2779 604 2841 Tibi
635 2800 711 2841 uero
743 2778 816 2840 nihil
849 2800 890 2840 ex
919 2782 1146 2842 consuetudine
1170 2780 1356 2842 mutandum
1381 2787 1430 2841 est
1453 2788 1516 2854 tua,
1540 2790 1553 2840 1

287 2888 436 2967 quoniam
461 2887 589 2966 quidem
613 2907 651 2948 ea
674 2887 831 2948 instituisti
855 2907 962 2949 amare
984 2889 1097 2962 studia,
1123 2907 1204 2967 quae
1228 2895 1260 2948 et
1283 2887 1406 2967 optime
1421 2885 1514 2950 selici-

288 3003 387 3056 tatem
424 2993 576 3055 excolunt
612 3002 643 3055 et
681 2992 827 3055 facillime
858 2995 1001 3055 minuunt
1032 2992 1244 3056 calamitatem
1275 2995 1452 3074 eademque
1482 3001 1514 3054 et

247 3118 273 3158 rr
289 3108 475 3162 ornamenta
507 3101 647 3162 maxima
679 3100 843 3162 homInum
874 3109 947 3162 sunt
971 3109 1003 3162 et
1026 3100 1151 3162 solacia.
1200 3100 1271 3181 [37.]
1304 3120 1386 3161 nunc
1409 3101 1517 3181 itaque

286 3216 319 3268 te
342 3199 453 3270 studiis
476 3207 537 3268 tuis
561 3208 703 3287 inmerge
726 3207 825 3282 altius,
849 3227 931 3268 nunc
954 3207 1005 3268 illa
1028 3208 1084 3268 tibi
1107 3206 1193 3269 uelut
1210 3207 1403 3269 munimenta
1419 3207 1518 3268 animi

293 3437 299 3487 l
329 3437 467 3485 clrcuierim
489 3432 541 3489 ΒΕ
563 3437 689 3484 circuerim
713 3432 736 3487 Β
861 3435 878 3488 4
902 3437 1005 3501 Impium
1026 3434 1050 3488 Β
1164 3454 1273 3487 euersum
1294 3433 1336 3488 Εί
1361 3453 1474 3487 auersum
1493 3437 1518 3489 A

289 3526 419 3574 aduersum
439 3523 491 3578 BD
514 3526 629 3574 aduersus
649 3521 676 3576 E
793 3524 808 3578 5
832 3527 955 3574 mitissImi
975 3525 999 3577 A
1023 3526 1164 3591 peritissimi
1185 3524 1211 3578 B
1234 3527 1337 3590 piissimi
1360 3523 1411 3578 ΒΕ

287 3615 318 3665 G.
339 3616 416 3664 Cesar
434 3612 460 3665 B
550 3612 565 3664 6
590 3613 674 3664 dolere
692 3616 760 3680 quod
777 3615 885 3678 gaudere
905 3611 930 3666 Β
1021 3613 1037 3666 9
1063 3613 1199 3668 tesserisA
1226 3617 1325 3665 cesserls
1357 3613 1472 3666 Bcessit
1491 3613 1518 3668 Β

287 3705 384 3753 cesserit
405 3701 432 3754 Ε
519 3709 541 3753 et
561 3705 700 3768 peruagatIs
719 3703 861 3753 huiusmodi
879 3701 956 3756 Koch
980 3709 1004 3753 et
1022 3705 1160 3768 pernocatIs
1178 3705 1318 3754 huiusmodi
1338 3705 1361 3756 A
1385 3711 1409 3753 et
1428 3720 1517 3770 peruo·

287 3794 347 3841 catis
367 3799 390 3841 et
408 3794 548 3842 huiusmodi
571 3790 620 3844 BD
645 3810 673 3842 ex
692 3795 833 3857 prouocatis
852 3799 875 3842 et
899 3794 1040 3843 huiusmodi
1059 3789 1086 3844 Ε
1229 3792 1259 3844 11
1286 3794 1405 3842 solacium
1429 3793 1474 3842 ruit
1493 3793 1518 3844 A

286 3883 414 3932 soleatium
433 3882 478 3931 luit
497 3880 523 3932 B
541 3882 652 3931 solamen
672 3883 789 3947 principis
808 3883 851 3931 fuit
870 3877 898 3933 Ε
956 3877 978 3888 ”
998 3881 1028 3932 13
1053 3883 1128 3931 horas
1146 3879 1201 3934 ΒΕ
1290 3881 1322 3934 15
1348 3882 1471 3946 pulmarIa
1495 3880 1519 3934 B

377 3969 409 4023 16
430 3969 700 4023 adnimaduersioneB
792 3971 824 4024 17
843 3973 930 4022 eadem
950 3969 1077 4022 eademB
1166 3969 1197 4024 19
1217 3973 1249 4020 ab
1269 3973 1337 4020 omni
1350 3972 1467 4020 Romano
1486 3973 1517 4020 sit

287 4061 376 4112 uiroA
395 4062 427 4109 ab
447 4062 515 4109 omni
535 4061 660 4109 mundano
679 4062 731 4109 uiro
748 4058 771 4112 B
790 4067 824 4110 est
844 4062 876 4110 ab
896 4063 964 4110 omni
977 4063 1092 4110 Romano
1111 4061 1165 4110 uiro
1180 4058 1230 4113 ΒΕ
1315 4059 1349 4112 20
1369 4069 1410 4109 aut
1430 4062 1517 4110 Intem-

286 4150 384 4213 pestiuis
398 4166 503 4199 auocare
518 4147 544 4200 Ε
560 4147 708 4201 Ρίησὶαηαε
721 4147 768 4218 (cs.
788 4154 807 4212 l,
823 4153 846 4214 3,
863 4149 905 4216 10)
926 4157 966 4199 aut
979 4151 1153 4214 Intempestiuis
1166 4166 1257 4199 uocare
1269 4147 1320 4201 AB
1339 4151 1518 4214 intempestiuis

287 4255 376 4288 uocare
398 4235 420 4290 Β
446 4245 487 4287 aut
506 4239 682 4304 intempestiuIS
701 4255 819 4288 seuocare
840 4237 921 4292 Gertz
1035 4240 1164 4288 sordidum
1184 4255 1213 4287 ac
1234 4236 1259 4291 B
1283 4239 1411 4288 sordidum
1431 4247 1471 4288 aut
1494 4236 1519 4290 Β

377 4327 410 4380 22
431 4333 466 4377 est
485 4345 513 4378 ex
532 4330 706 4377 consuetudine
725 4330 868 4377 mutandum
888 4336 928 4377 tua
948 4325 1002 4381 ΒΕ
1089 4327 1122 4380 23
1142 4323 1243 4378 instituti
1265 4325 1288 4379 B
1379 4334 1403 4376 et
1422 4329 1520 4392 optime

287 4412 413 4468 Muretus
431 4418 525 4481 optime
544 4423 567 4466 et
586 4415 694 4469 ΑΒΒΕ
781 4417 816 4469 24
840 4417 953 4467 excolunt
971 4416 1082 4486 Lt'psr'us
1101 4417 1218 4466 extollunt
1235 4415 1318 4484 uulqo
1416 4415 1450 4470 26
1479 4418 1518 4466 ln·

288 4521 372 4568 merge
391 4506 462 4554 altius
482 4503 629 4558 Pincianus
647 4508 793 4572 immergere
812 4508 890 4557 acrius
910 4504 988 4560 ΑΒΕ
1004 4507 1150 4576 immergere
1168 4508 1242 4556 atrius
1263 4504 1287 4559 B
