3184 5318
300 330 359 389 ¹54
538 324 618 368 DIAL.
635 324 672 366 vl.
700 323 742 366 Ab
757 323 900 366 manetem
915 325 956 366 DE
969 323 1213 367 consomtoua.
1242 327 1274 368 bb.

295 467 370 549 fingi
393 477 447 532 aut
470 470 600 551 cogitari
623 491 682 533 nec
705 470 774 532 sora
796 468 900 532 litibus
923 479 1063 550 strepere
1087 470 1154 532 dies
1177 479 1363 552 perpetuos,
1387 467 1459 529 nihil
1481 468 1506 527 in

294 576 441 652 obscuro,
463 577 606 639 detectas
630 586 752 640 mentes
772 585 805 638 et
827 587 936 658 aperta
959 577 1142 657 praecordia
1158 587 1189 638 et
1205 577 1236 637 in
1251 575 1377 658 publico
1395 574 1506 637 medio-

294 703 355 764 que
379 683 476 743 uitam
499 692 532 744 et
554 683 657 746 omnis
680 685 748 746 aeui
771 692 975 766 prospectum
992 683 1263 764 uenientiumque?
1287 682 1414 745 iuuabat
1429 678 1535 742 uniust

296 809 347 850 me
377 788 491 851 saeculi
521 789 604 852 facta
635 811 814 872 conponere
845 792 874 852 in
907 799 996 872 parte
1019 789 1128 853 ultima
1151 790 1260 852 mundi
1283 797 1315 850 et
1338 789 1419 849 inter
1441 808 1506 868 pau-

268 895 436 957 tcissimos
459 905 565 976 gesta:
592 906 641 958 tot
663 896 797 971 saecula,
819 905 868 959 tot
891 897 1040 960 aetatium
1065 905 1250 958 contextam
1273 896 1403 969 seriem,
1428 894 1507 975 quid-

294 1002 369 1082 quid
393 1022 547 1064 annorum
571 1012 627 1077 est,
651 1002 722 1065 licet
745 1005 853 1066 uisere.
884 1003 954 1065 licet
977 1011 1160 1078 surrectura,
1183 1003 1256 1066 licet
1279 1003 1397 1064 ruitura
1421 1019 1509 1082 regna

293 1109 473 1188 prospicere
504 1119 535 1172 et
568 1130 754 1190 magnarum
785 1110 908 1172 urbium
944 1107 1048 1192 lapsus
1080 1119 1113 1172 et
1143 1109 1236 1171 maris
1268 1129 1369 1170 nouos
1402 1127 1508 1169 cursus.

294 1233 366 1274 narn
390 1215 415 1276 si
438 1215 494 1277 tibi
517 1225 624 1296 potest
647 1217 765 1279 solacio
788 1237 859 1278 esse
882 1217 1016 1279 desideri
1039 1217 1083 1278 tui
1106 1235 1276 1278 commune
1298 1215 1415 1290 fatum,
1444 1209 1536 1275 nihili

293 1341 356 1401 quo
388 1330 451 1384 stat
481 1322 553 1384 loco
577 1323 688 1398 stabit,
720 1325 827 1385 omnia
849 1333 967 1385 sternet
998 1323 1198 1405 abducetque
1228 1341 1336 1384 secum
1368 1329 1508 1384 uetustas.

255 1443 279 1482 1⁰
292 1447 352 1489 nec
382 1426 562 1490 hominibus
592 1429 695 1492 solum
725 1433 834 1510 (quota
864 1431 945 1492 enim
978 1431 1036 1492 ista
1058 1428 1205 1492 fortuitae
1228 1429 1390 1510 potentiae
1413 1427 1508 1509 portio

293 1538 388 1609 esti),
419 1535 476 1596 sed
499 1533 588 1610 locis,
612 1537 670 1598 sed
694 1537 888 1618 regionibus
913 1539 970 1599 sed
994 1537 1101 1598 mundi
1125 1526 1265 1618 partibus
1288 1533 1385 1598 ludet.
1432 1542 1508 1596 totos

292 1641 466 1720 supprimet
494 1652 619 1704 montes
643 1653 675 1705 et
698 1643 770 1705 alibi
793 1663 885 1725 rupes
909 1645 939 1704 in
962 1643 1060 1705 altum
1083 1663 1182 1705 nouas
1207 1642 1373 1725 exprimet.
1421 1640 1509 1702 man'a

293 1746 450 1820 sorbebit,
489 1746 617 1810 flumina
647 1759 767 1812 auertet
799 1759 831 1810 et
861 1751 1053 1812 commercio
1084 1750 1225 1830 gentium
1259 1757 1354 1830 rupto
1385 1747 1506 1809 societa-

261 1873 263 1876 ·
293 1862 358 1914 tem
382 1855 505 1932 generis
528 1853 655 1916 humani
679 1868 869 1938 coetumque
886 1855 1045 1918 dissoluet.
1091 1855 1163 1918 alibi
1179 1854 1315 1918 hiatibus
1331 1854 1427 1915 uastis
1442 1851 1506 1915 sub-

255 1959 388 2020 reducet
418 1959 526 2035 urbes,
558 1963 745 2025 tremoribus
776 1964 896 2044 quatiet
927 1972 959 2024 et
989 1983 1030 2024 ex
1053 1961 1162 2024 infimo
1185 1959 1382 2043 pestilentiae
1406 1958 1508 2021 halitus

293 2065 397 2127 mittet
433 2075 465 2128 et
501 2068 754 2131 inundationibus
784 2070 935 2150 quidquid
967 2068 1125 2130 habitatur
1156 2069 1298 2130 obducet
1331 2066 1507 2146 necabitque

292 2189 388 2232 omne
410 2173 525 2235 animal
547 2175 626 2236 orbe
649 2175 814 2238 submerso
838 2185 869 2237 et
892 2174 1015 2256 ignibus
1039 2175 1135 2236 uastis
1157 2174 1294 2258 torrebit
1308 2174 1507 2254 incendetque

293 2276 445 2338 mortalia.
492 2288 523 2342 et
554 2301 626 2343 cum
657 2290 783 2364 tempus
806 2281 986 2356 aduenerit,
1006 2302 1070 2362 quo
1093 2301 1128 2343 se
1152 2282 1288 2344 mundus
1313 2290 1506 2343 renouatums

293 2384 466 2463 extinguat,
490 2387 605 2448 uiribus
629 2388 687 2450 ista
710 2409 745 2450 se
767 2390 830 2450 suis
853 2388 986 2450 caedent
1009 2400 1042 2450 et
1065 2389 1168 2450 sidera
1191 2387 1346 2450 sideribus
1362 2389 1506 2450 incurrent

252 2507 279 2547 ‘ro
293 2497 325 2549 et
355 2491 440 2551 omni
471 2491 624 2572 flagrante
654 2495 787 2556 materia
817 2515 880 2556 uno
911 2497 983 2575 igne
1014 2495 1165 2576 quidquid
1189 2513 1272 2556 nunc
1296 2514 1339 2556 ex
1363 2494 1505 2575 disposito
1582 2527 1583 2613 p

292 2593 375 2657 lucet
398 2597 529 2661 ardebit.
572 2620 630 2662 nos
652 2621 779 2682 quoque
803 2600 906 2663 felices
929 2601 1052 2663 animae
1075 2610 1107 2663 et
1130 2609 1259 2663 aeterna
1282 2602 1421 2675 sortitae,
1443 2605 1533 2661 cumi

293 2702 355 2762 deo
379 2704 479 2765 uisum
504 2706 561 2766 erit
584 2705 695 2769 iterum
719 2708 779 2770 ista
802 2707 910 2783 moliri,
935 2706 1113 2770 labentibus
1136 2709 1254 2770 cunctis
1271 2717 1304 2768 et
1320 2709 1405 2788 ipsae
1420 2723 1507 2787 parua
1581 2739 1582 2760 2

273 2801 398 2870 'urinae
429 2811 564 2891 ingentis
595 2814 732 2875 accessio
764 2814 795 2875 in
826 2813 953 2894 antiqua
984 2813 1142 2876 elementa
1172 2822 1341 2876 uertemur.
1394 2812 1506 2876 felicem

291 2914 388 2976 filium
412 2924 509 2992 tuum,
532 2918 658 2994 Marcia,
682 2921 733 3000 qui
756 2921 815 2982 ista
837 2921 899 2982 iam
922 2921 1029 2982 nouit!

1580 3039 1581 3119 i

292 3195 308 3246 4
333 3213 482 3259 componere
595 3201 618 3248 in
650 3208 719 3263 parte
743 3203 845 3250 minima
871 3198 984 3270 Matuta
1008 3201 1059 3254 sed
1080 3216 1118 3254 ex
1149 3200 1276 3261 orbibus,
1310 3199 1407 3270 quibua
1433 3197 1509 3252 Stoici
1579 3261 1580 3266 ἵ

293 3280 421 3335 mundum
440 3290 566 3339 constare
579 3286 723 3356 putabant,
743 3296 818 3342 terra
837 3289 925 3343 medio
943 3289 1025 3343 idest
1043 3288 1136 3342 altimo
1149 3290 1339 3343 continebatur
1407 3289 1436 3339 b
1454 3305 1505 3337 con·
1579 3283 1580 3371 l

294 3409 383 3454 textam
401 3408 488 3456 seriem
508 3405 636 3476 Madue'p:
659 3418 797 3461 contextum
817 3415 904 3462 seriem
983 3413 1125 3466 &desideri
1212 3385 1444 3478 liabducetqfecs1

295 3493 426 3558 til-quota
452 3496 522 3572 (alin
542 3499 607 3562 ras.)
738 3500 763 3550 ll
793 3508 857 3550 totos
878 3500 972 3554 Gertz:
993 3510 1053 3552 tot*
1089 3503 1157 3566 (ras.
1177 3502 1258 3554 utrius
1277 3501 1392 3568 litterae)
1578 3545 1579 3564 2

296 3580 327 3632 12
352 3585 485 3646 supprimet
505 3583 667 3639 deteriores:
688 3590 816 3652 supprimit
905 3592 929 3639 in
943 3592 1018 3640 allum
1032 3589 1198 3644 deteriores:
1220 3592 1245 3640 iu
1259 3592 1334 3641 alium
1426 3589 1455 3640 ll
1473 3603 1506 3649 ct·
1578 3569 1579 3623 l

292 3679 392 3734 tumque
480 3673 608 3722 subduces
629 3678 697 3730 iras.
717 3673 834 3728 duarum
853 3675 1016 3744 litterarum)
1100 3679 1132 3731 15
1151 3681 1242 3744 quatiet
1262 3687 1286 3728 et
1305 3697 1334 3730 ex
1352 3677 1504 3731 deteriores:

292 3774 340 3821 qua
458 3765 481 3806 et
505 3775 533 3807 ex
558 3759 617 3813 eod.
643 3777 703 3814 cum
728 3778 829 3818 rasura
964 3766 1100 3831 pestilentie
1130 3764 1190 3820 eod.
1217 3767 1279 3821 item
1306 3747 1432 3836 Neapoi.‚
1460 3778 1505 3816 non

293 3844 432 3908 pestilentes
523 3845 555 3897 16
580 3849 670 3899 halitus
688 3853 767 3901 mittet
786 3851 950 3908 deteriores:
977 3856 1048 3904 alitus
1066 3856 1140 3904 mittit
1250 3856 1392 3919 necabitqe

294 3930 328 3982 17
347 3932 448 3981 torrebit
467 3931 565 3999 uulpo:
586 3939 676 3986 orrebit
781 3939 810 3992 19
830 3943 916 3992 cedent
1027 3942 1061 3996 20
1080 3944 1131 4008 igni
1231 3943 1267 3996 22
1287 3946 1333 3994 ista
1351 3940 1503 3996 delenierat:
1576 3995 1577 3998 ,

293 4019 364 4068 islam
455 4021 507 4083 ipse
