3212 5318
238 363 318 406 Dine.
334 365 373 408 xi.
401 363 443 404 AD
459 363 595 406 flaLvtnM
610 363 740 406 Marusio
757 363 797 404 DE
812 363 1054 408 CONSOLATIONE.
1086 367 1114 408 lo.
1134 367 1163 409 ln.
1246 370 1308 432 265

97 509 166 572 uicto
208 511 310 573 acrius
349 521 397 573 est
435 511 714 592 congrediendum.
760 531 824 572 non
863 531 904 572 ex
941 511 1059 574 intacto
1090 530 1224 593 corpore
1255 521 1311 574 tuo

95 617 210 696 sanguis
235 616 288 704 hie
309 616 419 681 fluxit:
444 637 501 699 per
525 619 607 700 ipsas
631 619 789 680 cicatrices
813 637 961 698 percussa
984 638 1025 680 es.

75 736 78 787 1
172 721 263 786 XVI.
311 724 384 786 Non
415 733 463 786 est
494 725 595 806 quod*
614 725 709 786 utaris
741 725 946 788 excusatione
978 724 1136 788 muliebris
1168 725 1310 800 nominis,

11 883 12 892 ,
95 829 132 890 cui
162 849 266 910 paene
298 849 483 894 concessum
515 840 564 892 est
596 831 828 893 inmoderatum
862 831 890 892 in
916 831 1059 894 lacrimas
1083 830 1146 907 ius,
1178 849 1241 893 non
1266 831 1308 894 in-

95 955 230 998 mensum
255 945 371 999 tamen.
403 947 435 1000 et
458 938 532 1000 ideo
556 937 690 1000 maiores
714 939 826 1000 decem
851 957 995 1000 mensum
1020 938 1155 1018 spatium
1179 936 1339 1020 lugenti-'⁶

11 1033 12 1088 ἶ
94 1042 141 1105 bus
165 1043 252 1106 uiros
276 1045 449 1119 dederunt,
481 1053 514 1107 ut
543 1064 614 1108 cum
638 1043 808 1126 pertinacia
832 1043 990 1106 muliebris
1015 1045 1164 1106 maeroris
1188 1043 1312 1125 publica

11 1159 12 1230 ξ
93 1149 310 1214 constitutione
341 1151 531 1214 deciderent.
578 1171 641 1213 non
674 1149 901 1234 prohibuerunt
929 1151 1046 1226 luctus,
1078 1152 1135 1212 sed
1159 1150 1310 1214 finierunt.

11 1245 12 1286 l
93 1275 155 1318 nam
181 1265 214 1318 et
237 1256 358 1319 infinito
382 1256 509 1331 dolore,
533 1277 604 1328 cum
629 1257 765 1338 aliquem
790 1277 831 1320 ex
856 1257 1020 1321 carissimis
1043 1258 1196 1332 amiseris,
1220 1257 1311 1320 adfici

11 1375 12 1392 ¹
93 1363 179 1426 stulta
210 1363 406 1444 indulgentia
436 1372 499 1438 est,
532 1374 563 1426 et
587 1363 672 1426 nullo
695 1362 865 1427 inhumana
889 1363 1016 1428 duritia:
1053 1366 1209 1446 optimum
1233 1365 1312 1428 inter

11 1455 12 1460 ἵ
92 1470 236 1551 pietatem
261 1479 293 1531 et
317 1471 471 1532 rationem
496 1480 784 1556 temperamentum
808 1479 856 1533 est
880 1479 913 1532 et
935 1471 1050 1534 sentire
1073 1471 1261 1534 desiderium
1279 1480 1311 1533 et
1327 1486 1351 1528 ro

11 1561 12 1578 ¹
68 1577 274 1660 lopprimere.
321 1597 386 1638 non
409 1586 456 1640 est
479 1579 566 1658 quod
590 1578 631 1640 ad
655 1579 811 1658 quasdam
834 1575 965 1640 seminas
989 1578 1150 1659 respiciaS,
1178 1598 1310 1659 quarum

93 1684 242 1746 tristitiam
281 1683 380 1746 semel
417 1693 577 1765 sumptam
616 1703 703 1746 mors
741 1683 846 1747 finiuit.
900 1684 983 1746 nosti
1022 1685 1192 1766 quasdam,
1230 1703 1312 1765 quae

11 1791 12 1796 ’
89 1791 205 1854 amissis
228 1790 297 1852 filiis
320 1791 456 1875 inposita
479 1790 622 1871 lugubria
645 1811 818 1872 numquam
843 1800 1013 1854 exuerunt:
1041 1800 1113 1854 ate
1128 1790 1197 1873 plus
1214 1791 1312 1872 exigit

93 1899 147 1959 uita
177 1897 231 1962 ab·
252 1897 339 1960 initio
370 1895 488 1960 sortior.
534 1917 599 1960 non
626 1907 732 1980 potest
762 1897 920 1962 muliebris
944 1899 1106 1962 excusatio
1131 1899 1312 1979 contingere

10 2073 12 2096 ³
68 2004 122 2078 lei,
144 2024 163 2066 a
186 2025 250 2085 qua
274 1985 379 2066 omnia
404 2004 566 2068 muliebria
590 2005 664 2066 uitia
686 2004 836 2069 aluerunt.
876 2025 940 2068 non
957 2014 989 2068 te
1005 2005 1180 2068 maximum
1198 2005 1310 2069 saeculi
1329 2019 1351 2058 ¹⁶

10 2105 12 2156 l
94 2110 220 2186 malum,
252 2111 447 2193 inpudicitia,
479 2113 507 2174 in
540 2131 705 2174 numerum
730 2111 863 2194 plurium
888 2112 1030 2177 adduxit.
1077 2132 1141 2182 non
1164 2123 1312 2192 gemmae

93 2225 132 2292 te,
163 2238 228 2280 non
261 2219 449 2298 margaritae
481 2217 645 2282 flexerunt.
691 2239 755 2280 non
786 2219 842 2282 tibi
873 2219 999 2282 diuitiae
1027 2218 1112 2282 uelut
1136 2220 1310 2282 maximum

93 2325 208 2404 generis
239 2323 368 2386 humani
398 2324 519 2388 bonum
551 2324 744 2389 refulserunt.
790 2346 853 2388 non
884 2334 933 2400 te,
965 2327 1046 2388 bene
1077 2326 1107 2386 in
1130 2325 1257 2407 antiqua
1280 2333 1312 2390 et

92 2451 196 2492 seuera
218 2432 391 2494 institutam
415 2433 531 2507 domo,
563 2431 737 2514 periculosa
760 2433 855 2494 etiarn
880 2431 989 2513 probis
1012 2431 1154 2513 peiorum
1179 2433 1312 2495 detorsit

92 2537 224 2600 imitatio
258 2556 429 2620 numquam
453 2547 485 2602 te
495 2538 706 2603 -iecunditatis
730 2548 812 2614 tuae,
835 2540 923 2619 quasi
940 2540 1149 2620 exprobraret
1165 2548 1311 2614 aetatem,
1327 2537 1352 2590 2⁶

91 2645 204 2724 puduit.
250 2665 423 2728 numquam
455 2665 544 2708 more
568 2645 713 2720 aliarum,
745 2645 858 2726 quibus
882 2648 985 2710 omnis
1008 2647 1246 2710 commendatio
1270 2667 1312 2709 ex

92 2749 188 2814 forma
225 2753 355 2832 petitur,
393 2760 623 2815 tumescentem
663 2761 786 2816 uterum
819 2752 1012 2816 abscondisti
1043 2754 1132 2833 quasi
1163 2753 1311 2814 indecens

69 2861 175 2932 lonus,
197 2877 256 2920 nec
279 2857 358 2921 intra
382 2859 499 2921 uiscera
523 2867 578 2921 tua
601 2869 772 2940 conceptas
795 2879 868 2940 spes
892 2858 1062 2922 liberorum
1087 2857 1199 2922 elisisti.
1247 2879 1311 2920 non

92 2962 197 3026 faciem
220 2965 378 3028 coloribus
401 2985 439 3027 ac
461 2965 619 3028 lenociniis
635 2965 781 3048 polluisti.
813 2987 985 3048 numquam
1002 2965 1058 3028 tibi
1075 2965 1191 3047 placuit
1202 2965 1310 3040 ‚uestis

91 3090 168 3150 quae
189 3071 262 3133 nihil
286 3071 419 3153 amplius
442 3073 583 3147 nudaret,
608 3092 679 3136 cum
703 3081 888 3153 poneretur:
916 3073 1040 3136 unicum
1064 3073 1121 3135 tibi
1143 3091 1308 3134 ornamen-
1325 3081 1351 3122 '2⁶

91 3183 171 3250 tum,
197 3177 406 3258 pulcherrima
429 3187 461 3240 et
484 3177 557 3242 nulli
581 3179 722 3242 obnoxia
745 3181 840 3243 aetati
864 3180 981 3255 forma,
1014 3181 1189 3242 maximum
1215 3181 1311 3242 decus
1383 3243 1385 3246 .

63 3283 156 3344 iuisa
190 3292 238 3348 est
276 3285 430 3365 pudicitia.
474 3291 541 3346 'non
581 3294 674 3367 potes
712 3287 817 3367 itaque
852 3288 894 3348 ad
926 3280 1133 3368 optinendum
1165 3285 1310 3348 dolorem

92 3388 236 3452 muliebre
259 3411 376 3452 nomen
401 3393 623 3472 praetendere,
647 3413 688 3454 ex
713 3413 777 3474 quo
802 3401 833 3454 te
858 3393 988 3456 uirtutes
1012 3402 1085 3456 tuae
1107 3393 1310 3456 seduxerunt.

91 3503 206 3559 tantum
231 3497 331 3559 debes
355 3518 373 3558 a
396 3495 580 3561 seminarum
604 3497 738 3560 lacrimis
762 3499 890 3574 abesse,
914 3509 1066 3581 quantum
1091 3519 1112 3560 a
1136 3499 1224 3562 uitiis.
1270 3519 1311 3562 ne

91 3599 218 3664 feminae
241 3604 370 3685 quidem
398 3613 431 3666 te
453 3605 555 3666 sinent
578 3605 773 3668 intabescere
798 3605 917 3668 uolneri
940 3614 1004 3680 tu0,
1028 3607 1086 3668 sed
1109 3606 1170 3668 leni
1194 3625 1230 3668 ac
1254 3627 1307 3668 ue·
1324 3621 1349 3664 ao

92 3710 219 3771 cessario
243 3729 387 3772 maerore
410 3710 474 3773 cito
498 3709 678 3774 defunctam
703 3711 855 3775 iubebunt
879 3731 1047 3792 exurgere,
1072 3715 1096 3775 si
1121 3713 1219 3775 modo
1244 3711 1310 3774 illas

243 3950 271 3978 ne

90 3969 105 4020 3
126 3977 240 4025 excusatio

285 3973 538 4044 (sarprnscruuqrr.)
606 3953 711 4026 nominis
719 3989 912 4047 (ramosarum.
918 3977 974 4048 pr.)
1043 3975 1101 4031 lius
1109 3975 1269 4030 Pincianus:
1285 3969 1310 4044 ei

180 4115 322 4167 limeroris
340 4115 440 4182 publica
459 4118 485 4183 (b
505 4115 532 4169 tir
552 4119 621 4184 ras.)
734 4119 766 4172 13
793 4078 838 4169 filis
935 4121 1059 4186 expuerunt
1163 4118 1195 4170 15
1220 4094 1308 4170 anluer‘.

176 4203 207 4258 19
226 4206 311 4270 probis
330 4201 492 4258 deteriores:
514 4208 611 4272 probris
677 4195 734 4259 ⁸25
755 4226 809 4258 cum
827 4216 956 4273 poneretur
965 4207 1090 4288 ¹lipsius:
1112 4214 1311 4272 componeretur.

172 4299 234 4361 post
252 4299 421 4344 ornamentum
441 4293 611 4365 interpunxit
631 4293 755 4350 Sclrelius
845 4295 878 4350 27
905 4303 974 4363 potes
994 4299 1012 4363 (r
1028 4301 1092 4366 post
1104 4314 1115 4346 s
1128 4297 1218 4363 erasa)

91 4373 128 4428 28
149 4383 285 4443 pretendere
397 4383 430 4436 29
456 4384 553 4434 auitiis
572 4381 736 4438 deteriores:
757 4387 828 4439 uitiis.
926 4386 960 4440 30
985 4387 1081 4438 leniae
1104 4383 1210 4441 Haase:
1232 4388 1309 4439 leuior

177 4467 206 4520 31
226 4487 321 4521 merore
