3212 5318
10 667 12 750 l

313 351 392 396 orno.
408 351 436 396 x.
465 353 507 394 nu
524 351 679 396 anvuruvnr
694 353 734 395 ou
750 353 918 396 susurrnus
933 355 1030 399 vruns.
1060 355 1091 398 rr.
1212 365 1221 384 ι
1247 363 1309 422 241

78 515 82 566 1
176 485 280 560 xvn‘.
326 497 418 592 ipsae
448 497 628 582 uoluptates
663 519 772 563 eorum
803 499 945 582 trepidae
973 509 1005 564 et
1028 503 1120 564 uariis
1143 501 1314 563 terroribus

100 605 244 686 inquietae
266 614 340 668 sunt
363 605 509 688 subitque
532 627 604 668 cum
630 607 770 668 maxime
793 605 963 669 exultantis
987 603 1118 670 sollicita
1141 607 1310 689 cogitatio:

99 709 166 772 haec
196 731 294 794 quarn
326 713 399 774 diu?
439 713 479 774 ab
511 711 573 775 hoc
606 711 731 774 adfectu
763 731 854 792 reges
877 731 966 775 suam
992 712 1106 775 fleuere
1129 715 1314 794 potentiam.

11 801 12 810 ¹
98 837 147 879 nec
182 817 255 880 illos
287 820 474 900 magnitudo
505 817 649 882 fortunae
680 837 756 882 suae
786 819 954 882 delectauit
992 820 1048 882 sed
1081 828 1229 882 uenturus
1260 821 1312 882 ali·

11 921 12 976 l
70 923 215 1004 :quando
239 923 308 988 finis
332 928 493 990 exterruit.
523 946 595 1009 cum
616 947 672 1008 per
689 945 806 1006 magna
822 945 1007 1006 camporum
1024 926 1125 1008 spatia
1140 927 1341 1007 porrigeret:

97 1033 262 1094 exercitum
294 1051 361 1096 nec
383 1051 549 1096 numerum
582 1051 646 1094 erus
678 1033 735 1096 sed
768 1051 947 1094 mensuram
979 1033 1210 1114 conprenderet
1242 1034 1312 1096 Per-

96 1157 190 1200 sarum
226 1159 284 1200 rex
308 1139 585 1214 insolentissimus,
616 1139 761 1202 lacrimas
783 1137 938 1222 profudit,
970 1140 1057 1221 quod
1082 1139 1163 1202 intra
1186 1149 1313 1202 centum

95 1263 185 1306 annos
219 1263 316 1308 nemo
348 1265 389 1308 ex
420 1254 509 1309 tanta
539 1247 700 1308 iuuentute
731 1245 947 1328 superfuturus
978 1254 1080 1308 esset:
1115 1254 1148 1308 at
1177 1243 1234 1307 illis
1257 1248 1313 1307 ad-

11 1377 12 1380 *
96 1359 231 1414 moturus
264 1362 331 1415 erat
362 1352 459 1415 fatum
491 1356 558 1435 ipse
587 1354 639 1434 qui
672 1351 786 1428 flebat,
810 1353 1049 1433 perditurusque
1071 1351 1149 1414 alios
1172 1351 1202 1413 in
1228 1353 1313 1428 mari,

94 1457 163 1520 alios
196 1459 228 1521 in
252 1469 352 1534 terra,
385 1458 462 1521 alios
484 1459 625 1542 proeli0‚
655 1459 732 1522 alios
757 1457 832 1540 fuga
855 1467 886 1520 et
910 1460 990 1521 intra
1012 1458 1163 1538 exiguum
1187 1467 1313 1540 tempus
1332 1477 1354 1515 ru

68 1575 332 1648 :consumpturus
355 1565 432 1640 illos,
456 1566 569 1649 quibus
590 1567 795 1628 centesimum
813 1585 929 1627 annum
946 1564 1087 1628 timebat.
1118 1566 1201 1646 quid,
1226 1566 1314 1646 quod

94 1672 203 1752 gaudia
235 1693 363 1754 quoque
394 1693 504 1736 eorum
537 1673 660 1754 trepida
691 1675 783 1734 sunt?
822 1691 884 1733 nou
909 1672 991 1733 enim
1016 1671 1123 1734 solidis
1146 1672 1246 1734 causis
1269 1672 1313 1733 in-

94 1779 235 1854 nituntur,
260 1781 318 1841 sed
335 1780 457 1856 eadem,
481 1799 544 1861 qua
559 1780 706 1854 oriuntur,
730 1779 869 1842 uanitate
885 1779 1058 1842 turbantur.
1089 1777 1191 1860 qualia
1207 1787 1314 1841 autem

94 1885 176 1966 putas
209 1905 282 1948 esse
304 1894 451 1966 tempora
475 1887 568 1948 etiam
593 1887 732 1968 ipsorum
757 1885 954 1948 confessione
978 1886 1107 1960 misera,
1141 1904 1212 1947 cum
1236 1884 1315 1947 haec

94 2013 229 2076 quoque,
262 1991 375 2074 quibus
406 2013 441 2056 se
472 1991 619 2055 attollunt
651 2001 682 2054 et
714 2011 808 2074 super
836 1991 999 2054 hominem
1023 1991 1170 2067 efferunt,
1202 2011 1314 2071 parum
1332 2010 1354 2049 rs

12 2173 13 2176 Ἴ
68 2099 206 2162 lsincera
231 2100 314 2187 sint?
347 2101 487 2162 maxima
510 2119 656 2181 quaeque
678 2099 764 2160 bona
787 2097 919 2161 sollicita
942 2108 1014 2162 sunt
1030 2118 1089 2160 nec
1105 2097 1155 2160 ulli
1171 2097 1315 2160 fortunae

94 2206 187 2268 minus
220 2206 305 2268 bene
335 2225 431 2288 quam
463 2207 604 2286 optimae
635 2207 788 2268 creditur:
823 2206 883 2269 alia
912 2204 1060 2268 felicitate
1090 2205 1131 2266 ad
1162 2205 1314 2266 tuendam

94 2310 267 2375 felicitatem
308 2333 388 2395 opus
420 2304 468 2375 est
500 2321 532 2374 et
563 2331 621 2395 pro
652 2313 742 2394 ipsis,
781 2333 862 2394 quae
893 2331 1086 2388 successere,
1126 2312 1208 2374 uotis
1239 2319 1315 2374 uota

95 2417 231 2481 facienda
262 2429 342 2482 sunt.
389 2439 486 2482 omne
517 2421 616 2494 enim,
648 2421 735 2500 quod
760 2419 890 2482 fortuito
914 2419 1060 2494 obuenit‚
1091 2417 1234 2482 instabile
1257 2427 1314 2481 est.

94 2545 150 2605 quo
174 2525 268 2589 altius
292 2526 443 2600 surrexit,
475 2525 683 2608 opportunius
707 2533 755 2588 est
777 2527 816 2587 ir?
832 2544 988 2589 occasum.
1035 2527 1192 2588 neminem
1216 2543 1312 2608 porro
1329 2545 1354 2585 ru

93 2651 196 2696 casura
228 2631 408 2694 delectant:
444 2631 649 2694 miserrimam
674 2651 752 2713 ergo
776 2651 905 2695 necesse
928 2643 984 2708 est,
1008 2653 1072 2694 non
1097 2641 1218 2694 tantum
1242 2632 1312 2694 bre-

93 2740 248 2801 uissimam
287 2740 383 2801 uitam
419 2757 488 2802 esse
517 2719 647 2815 eorum,
686 2740 738 2820 qui
769 2759 887 2820 magno
919 2749 1032 2820 parant
1062 2739 1186 2813 labore,
1224 2739 1313 2818 quod

93 2847 207 2908 maiore
232 2846 435 2928 possideant:
462 2865 599 2928 operose
622 2845 818 2922 adsecuntur,
842 2866 924 2927 quae
946 2846 1065 2921 uolunt,
1088 2845 1172 2907 anxii
1194 2853 1313 2920 tenent,

67 2965 78 3012 ι’»
93 2971 169 3032 quae
209 2953 350 3014 adsecuti
389 2960 469 3014 sunt.
520 2952 604 3014 nulla
620 3011 624 3018 ,
643 2951 764 3015 interim
803 2971 976 3033 numquam
1015 2951 1147 3034 amplius
1185 2951 1314 3013 redituri

91 3059 240 3141 temporis
277 3058 357 3121 ratio
394 3068 451 3122 est.
497 3079 599 3122 nouae
630 3061 855 3140 occupationes
887 3059 1044 3121 ueteribus
1075 3059 1313 3144 substituuntur,
1328 3075 1353 3117 rs
1429 3140 1432 3148 Ι

92 3185 160 3246 spes
197 3185 288 3246 spem
325 3167 458 3239 excitat,
498 3166 704 3228 ambitionem
742 3166 880 3228 ambitio.
928 3168 1120 3229 miseriarum
1151 3186 1215 3228 non
1245 3164 1313 3228 finis

92 3274 254 3352 quaeritur,
279 3276 335 3336 sed
360 3273 491 3336 materia
514 3282 669 3335 mutatur:
696 3276 793 3335 nostri
816 3293 875 3336 nos
890 3273 1028 3336 honores
1044 3271 1313 3353 torseruntz-plus

91 3383 241 3462 temporis
265 3379 356 3442 alieni
379 3378 529 3442 auferunt
562 3381 719 3442 candidati
734 3379 880 3442 laborare
896 3381 1062 3443 desiimus:
1088 3378 1314 3460 suffragatores

91 3487 259 3570 incipimus.
292 3486 460 3548 accusandi
483 3473 685 3568 deposuimus
706 3484 899 3550 molestiam:
925 3487 1084 3548 iudicandi
1100 3485 1313 3548 nanciscimur.

91 3593 186 3655 iudex
217 3593 309 3656 desiit
341 3613 428 3656 esse:
461 3594 621 3674 quaesitor
644 3602 701 3656 est.
746 3593 916 3674 alienorum
940 3592 1098 3654 bonorum
1123 3593 1314 3655 mercenaria
1328 3611 1353 3652 ro

91 3789 301 3798 *—

94 3945 172 4011 lipse
260 3921 455 4010 2exultant⁰sfi
469 3947 659 4012 aruleserasa)
745 3947 874 4000 teneruit
953 3945 1077 4012 lOprelio
1151 3944 1181 3996 11
1202 3906 1314 4010 Quidqri

92 4085 120 4152 (d
133 4086 160 4139 r'rn
175 4089 240 4158 ras.)
334 4087 366 4141 13
386 4102 457 4154 qua*
548 4087 580 4142 16
600 4044 744 4140 sincersdint
759 4087 987 4142 cod.sincerasint
1002 4085 1092 4152 Tarra.
1168 4085 1202 4139 17
1222 4087 1314 4152 optime

182 4175 213 4230 20
236 4195 285 4242 quo
305 4179 375 4226 allius
395 4175 560 4230 deteriorum
577 4177 673 4246 pauci:
694 4179 761 4242 quod
780 4180 850 4227 altius
944 4178 1046 4227 surrexit
1064 4173 1165 4245 Neap.:
1187 4176 1313 4226 surrexerit

120 4293 122 4305 1
182 4319 213 4373 22
227 4337 277 4372 esse
291 4337 376 4370 eorum
385 4318 450 4374 'coll
464 4336 547 4370 eorum
561 4337 613 4371 esse
625 4317 709 4389 sculpo
793 4319 826 4372 23
841 4275 904 4369 renel
989 4317 1021 4372 25
1035 4334 1099 4370 noue
1111 4317 1139 4386 (e
1152 4321 1236 4384 corr.)

93 4459 125 4512 25
139 4461 272 4512 abitionem
287 4465 314 4530 (a
328 4459 410 4529 corr.)
490 4461 523 4514 ‘27
536 4467 571 4512 sel
637 4459 683 4514 28
696 4418 802 4512 desimus
886 4459 920 4513 29
933 4479 981 4512 nan
994 4462 1120 4511 sciscimur
1204 4457 1239 4513 30
1252 4419 1314 4548 desit

1067 4551 1100 4602 lb
