3184 5318
290 336 370 382 mat.
385 337 433 380 Vll.
462 335 505 377 AD
520 335 698 380 ascalonam
714 337 753 380 DE
767 337 838 380 VITA
852 337 959 382 BEATA.
988 342 1007 384 2.
1021 342 1041 384 8.
1214 349 1275 410 157
1376 403 1379 408 Ι

50 483 198 548 tlatebitur
229 503 268 546 ac
300 484 402 546 dicet:
436 485 589 566 quidquid
620 483 677 546 leci
709 483 828 560 adhuc,
860 484 1008 548 iniectum
1041 507 1110 550 esse
1142 487 1276 552 mallem.

72 591 200 674 quidquid
225 589 292 652 dixi
316 609 387 652 cum
411 593 562 670 recogito,
586 591 680 653 mutis
703 592 837 654 inuideo.
869 593 1022 674 quidquid
1039 594 1154 676 optaui,
1178 596 1275 658 inimi-

8 675 9 764 l
71 717 159 760 corum
182 697 419 758 execrationem
443 706 530 777 puto.
576 697 727 778 quidquid
751 697 847 773 timui,
871 698 903 760 di
925 698 1015 774 boni,
1038 709 1157 781 quanto
1181 700 1277 766 leuius

7 805 9 896 ,
72 803 111 866 luit
129 823 222 885 quarn
247 803 335 883 quod
359 803 521 884 concupii?
546 821 618 864 curn
640 802 743 865 multis
759 803 931 866 inimicitias
948 805 1031 885 gessi
1047 813 1079 867 et
1095 807 1125 868 in
1142 807 1275 887 gratiam

7 905 9 954 ἶ
71 911 198 984 exodio,
222 910 248 971 si
272 909 372 971 modo
396 907 457 970 ulla
479 909 559 972 inter
582 908 683 972 malos
708 909 807 990 gratia
831 918 887 984 est,
910 911 1002 973 redii:
1032 910 1178 994 mihiipsi
1195 933 1273 975 non·
1292 931 1304 968 n

71 1017 128 1078 dum
158 1017 277 1078 amicus
307 1035 386 1078 sum.
432 1034 561 1077 omnem
586 1035 716 1098 operam
741 1017 831 1090 dedi,
856 1025 890 1079 ut
914 1037 965 1078 me
990 1017 1177 1088 multitudini
1201 1021 1276 1081 edu-

9 1179 10 1188 .
70 1143 154 1186 cerem
184 1131 216 1185 et
248 1123 352 1203 aliqua
382 1121 459 1184 dote
482 1121 665 1185 notabilem
695 1120 846 1185 lacerem:
881 1125 956 1204 quid
981 1123 1063 1186 aliud
1087 1145 1183 1205 quam
1208 1125 1277 1189 telis

8 1273 9 1276 ,
47 1236 108 1291 line
134 1230 267 1311 opposui
300 1238 333 1291 et
360 1227 590 1291 maliuolentiae
614 1230 701 1310 quod
726 1230 887 1291 morderet
911 1232 1056 1293 ostendi?
1088 1232 1177 1294 uides
1201 1233 1278 1296 istos

70 1337 108 1418 qui
127 1335 339 1416 eloquentiam
363 1333 500 1410 laudant,
524 1336 577 1416 qui
601 1355 679 1418 opes
694 1345 874 1417 sequuntur,
899 1337 950 1416 qui
967 1337 1086 1416 gratiae
1102 1337 1276 1413 adulantur,

8 1475 9 1478 κ
68 1444 107 1524 qui
133 1442 308 1524 potentiam
341 1441 517 1504 extollunt?
556 1461 668 1503 omnes
699 1450 753 1504 aut
783 1451 856 1504 sunt
886 1441 994 1505 hostes
1025 1451 1093 1518 aut,
1126 1445 1214 1525 quod
1246 1446 1317 1506 inu

70 1567 154 1630 aequo
184 1557 250 1622 est,
282 1567 352 1610 esse
382 1556 523 1630 possunt.
569 1567 664 1630 quarn
697 1567 830 1629 magnus
854 1550 1030 1611 mirantium
1054 1558 1120 1611 tam
1145 1571 1278 1632 magnus

8 1647 10 1710 i
69 1655 255 1716 inuidentium
287 1653 421 1736 populus
453 1662 515 1716 est:
550 1653 625 1734 quin
648 1655 753 1734 potius
776 1673 896 1735 quaero
919 1654 1045 1736 aliquod
1069 1675 1125 1718 usu
1149 1656 1278 1733 bonum,

9 1823 10 1826 ,
70 1761 139 1840 quod
162 1760 305 1836 sentiam,
330 1780 392 1822 non
416 1761 503 1841 quod
528 1761 717 1822 ostendam?
740 1760 799 1822 ista
822 1781 903 1841 quae
927 1769 1116 1842 spectantur,
1140 1764 1181 1824 ad
1197 1783 1278 1844 quae

7 1877 9 1950 l
70 1867 238 1942 consistitur,
263 1886 346 1952 quae¹
368 1866 447 1928 alter
468 1866 556 1930 alteri
573 1875 702 1948 stupens
718 1876 882 1942 monstrat,
906 1867 979 1930 loris
995 1869 1103 1943 nitent,
1126 1870 1278 1932 introrsus

8 1951 9 1980 ἓ
73 1974 169 2036 misera
191 1982 273 2036 sunt.
823 2019 848 2054 Δ,
1293 1991 1316 2031 ¹⁵

48 2085 53 2134 l
140 2080 188 2142 lIl.
229 2079 428 2162 Quaeramus
452 2080 580 2162 aliquod
603 2101 667 2142 non
690 2082 721 2142 in
744 2081 881 2163 speciem
906 2081 1035 2156 bonum,
1059 2084 1116 2144 sed
1139 2082 1275 2146 solidum

8 2249 9 2254 ,
69 2171 242 2268 εῖάεᾳυαΙε
273 2194 306 2249 et
337 2207 355 2248 a
383 2188 552 2249 secretiore
583 2196 672 2269 parte
703 2185 879 2249 formosius.
925 2187 987 2250 hoc
1017 2208 1171 2251 eruamus.
1216 2209 1277 2252 nec

7 2287 8 2326 ³
69 2291 146 2372 longe
167 2292 306 2375 positum
330 2301 386 2354 est.
424 2293 605 2355 inuenietur.
644 2295 723 2356 scire
745 2301 868 2356 tanturn
892 2313 972 2374 opus
996 2302 1044 2356 est
1067 2313 1131 2376 quo
1147 2315 1276 2358 manum

68 2399 205 2478 porrigas:
241 2419 323 2461 nunc
352 2398 438 2461 uelut
468 2400 499 2460 in
528 2400 668 2462 tenebris
699 2401 799 2462 uicina
829 2402 996 2463 transimus
1024 2401 1216 2464 offensantes
1239 2421 1277 2463 ea

45 2502 122 2582 lipsa
140 2525 220 2586 quae
245 2507 470 2568 desideramus.
509 2507 565 2568 sed
589 2525 630 2568 ne
652 2516 684 2568 te
708 2527 764 2588 per
787 2507 964 2570 circumitus
987 2507 1120 2583 traham,
1144 2507 1276 2570 aliorum
1291 2522 1317 2563 20

67 2609 176 2688 quidem
200 2611 365 2691 opiniones
387 2612 575 2693 praeteribo.
622 2633 695 2674 nam
720 2621 752 2674 et
775 2632 959 2676 enumerare
982 2613 1048 2676 illas
1070 2615 1202 2696 longum
1227 2623 1276 2676 est

69 2722 93 2774 et
119 2737 302 2799 coarguere:
340 2727 481 2780 nostram
513 2719 627 2800 accipe.
675 2726 815 2782 nostram
848 2727 952 2782 autem
984 2738 1055 2781 curn
1088 2721 1175 2796 dico,
1212 2741 1276 2782 non

68 2821 155 2903 adligo
186 2844 238 2887 me
269 2826 310 2886 ad
341 2846 437 2887 unum
468 2824 603 2906 aliquem
632 2845 673 2887 ex
698 2824 813 2888 Stoicis
836 2826 1026 2908 proceribus.
1073 2836 1122 2890 est
1145 2836 1177 2890 et
1200 2826 1276 2889 mihi

69 2932 197 2992 censendi
228 2931 283 2994 ius.
329 2931 434 3013 itaque
464 2929 599 3012 aliquem
623 2951 753 3012 sequar,
787 2932 922 3014 aliquem
946 2932 1063 2995 iubebo
1087 2933 1275 2994 sententiam

69 3033 196 3099 diuidere.
241 3037 375 3100 fortasse
402 3046 438 3100 et
469 3045 543 3120 post
573 3057 684 3101 omnes
715 3039 828 3102 citatus
859 3037 931 3100 nihil
963 3038 1141 3120 inprobabo
1165 3058 1207 3101 ex
1231 3040 1275 3114 iis,
1289 3052 1315 3094 2⁶

7 3157 8 3162 ¹
44 3141 135 3220 lquae
155 3146 273 3226 priores
296 3145 507 3220 decreuerint,
532 3153 563 3206 et
588 3145 707 3206 dicam:
741 3143 803 3206 hoc
826 3145 958 3225 amplius
982 3165 1106 3208 censeo.
1152 3146 1274 3208 interim

68 3251 141 3328 quod
165 3252 244 3313 inter
267 3251 370 3313 omnis
393 3249 520 3314 Stoicos
543 3252 706 3326 conuenit,
737 3270 841 3313 rerum
866 3260 996 3314 naturae
1019 3253 1188 3314 adsentior.
1233 3253 1275 3315 ab

68 3351 111 3415 illa
129 3376 187 3418 non
208 3357 354 3419 deerrare
377 3365 410 3419 et
432 3359 474 3420 ad
497 3356 574 3420 illius
597 3356 701 3439 legem
719 3357 965 3439 exemplumque
980 3357 1108 3420 formari
1123 3359 1276 3440 sapientia

68 3471 121 3522 est:
145 3463 233 3530 beata
256 3472 305 3526 est
328 3483 406 3544 ergo
430 3464 493 3526 uita
517 3465 706 3526 conueniens
729 3472 859 3526 naturae
882 3483 973 3539 suae,
996 3484 1078 3545 quae
1101 3483 1163 3526 non
1187 3463 1276 3527 aliter
1339 3522 1341 3528 .

68 3567 232 3650 contingere
254 3579 376 3652 potest,
404 3591 499 3652 quarn
523 3572 548 3633 si
570 3571 707 3652 primurn
730 3590 807 3633 sana
830 3590 919 3632 mens
943 3579 991 3633 est
1015 3580 1048 3633 et
1070 3572 1100 3632 in
1124 3579 1276 3654 perpetua
1289 3585 1315 3628 ³⁰

71 3757 260 3774 “z—-

180 3903 190 3955 1
211 3909 235 3958 et
253 3905 270 3958 2
289 3910 315 3958 et
334 3902 460 3974 deinceps
479 3905 595 3970 quicquid
722 3904 737 3957 2
758 3906 829 3955 mutis
850 3901 997 3961 Gnaterus:
1025 3907 1049 3955 ln
1068 3908 1149 3957 multis

954 3991 1010 4033 istos

71 4020 201 4077 beronio*
305 4030 450 4078 redii·mihi
469 4031 506 4091 (m
525 4027 635 4084 uidetur
653 4027 736 4096 corr.)
844 4027 860 4082 8
885 4031 953 4080 uides
1111 4029 1143 4082 14
1159 3993 1274 4079 ¹mostrat

164 4114 193 4168 16
218 4118 319 4182 aliquod
338 4116 397 4172 cod.
419 4119 444 4182 (d
463 4115 574 4171 uidetur
593 4131 631 4170 ecc
649 4124 658 4167 t
677 4121 760 4181 corr.)
781 4119 872 4183 aliquid
891 4116 974 4188 tiulqo
992 4123 1055 4188 post
1074 4117 1160 4189 Neap.

71 4196 102 4250 18
127 4206 220 4267 positum
253 4222 305 4257 esse
329 4208 462 4258 inuenietur
490 4203 572 4260 Gertz
597 4207 702 4272 positum
729 4208 861 4257 inuenietur
886 4203 1000 4276 Madut'q
1026 4205 1126 4259 iniuria
1151 4211 1273 4276 uterque,

71 4291 180 4353 quoniam
203 4293 232 4348 id
254 4293 329 4364 quod
352 4309 405 4348 uon
430 4294 510 4366 tonqe
528 4295 648 4366 positum
668 4299 707 4348 est
726 4295 778 4349 cito
798 4293 888 4366 (quam
907 4311 999 4349 uocem
1019 4292 1148 4350 inutiliter
1166 4292 1275 4349 addidit

74 4423 220 4501 Stephanus)
238 4437 356 4490 inueniri
372 4435 441 4490 solet
515 4435 598 4516 Ι23
623 4438 699 4502 alligo
783 4454 818 4488 es
922 4435 955 4490 24
974 4439 1062 4501 itaqu
1162 4436 1196 4491 25
1214 4381 1274 4487 erilis
