3212 5326
413 298 428 320 ⁰
474 341 554 384 nint..
570 341 610 383 111.
639 341 680 382 DE
695 341 747 382 IRA
762 340 816 383 LlB.
833 340 850 382 l.
873 341 905 383 tu.
1257 345 1299 406 49

70 497 79 547 1
170 485 256 588 XYI.
287 486 377 568 Ergo
408 488 449 550 ad
473 485 695 550 coercitionem
719 485 888 550 errantium
912 484 1201 567 sceleratorumque
1224 482 1329 548 irato¹

95 593 270 674 castigatore
301 612 366 656 non
397 613 477 676 opus
501 600 557 655 est.
604 612 677 656 nam
702 611 774 654 cum
797 592 842 654 ira
865 589 1015 654 delictum
1038 591 1133 654 animi
1155 592 1209 668 sit,
1239 610 1305 654 non

94 707 206 782 oportet
241 707 375 781 peccata
410 699 568 780 corrigere
597 705 792 780 peccantem.
844 697 919 779 quid
952 700 1050 780 ergo?
1094 718 1159 760 non
1192 698 1305 760 irascar

93 805 210 869 latroni?
242 806 319 886 quid
343 809 439 887 ergo?
471 825 535 868 non
558 805 673 868 irascar
697 803 857 868 uenefico?
889 824 960 868 non.
1001 824 1103 888 neque
1127 805 1212 866 enim
1229 803 1305 866 mihi

93 914 205 987 irascor,
237 932 310 975 cum
342 913 528 993 sanguinem
553 912 654 975 mitto.
701 931 797 975 omne
819 929 942 993 poenae
966 931 1066 992 genus
1089 911 1209 973 remedi
1233 910 1332 972 locos

68 1020 247 1082 ladmoueo.
294 1027 329 1081 tu
352 1017 456 1082 adhuc
479 1018 510 1080 in
525 1019 626 1102 prima
650 1027 741 1101 parte
764 1016 897 1080 uersaris
921 1036 1063 1080 errorum
1087 1036 1146 1080 nec
1169 1018 1306 1098 grauiter

93 1125 191 1188 laberis
228 1125 287 1188 sed
318 1124 516 1205 frequenter:
566 1126 745 1206 obiurgatio
777 1133 826 1200 te,
863 1124 1000 1206 primum
1032 1131 1155 1186 secreta
1190 1123 1306 1186 deinde

93 1230 210 1314 publica,
233 1232 406 1314 emendare
428 1232 607 1313 temptabit.
643 1240 677 1294 tu
700 1230 824 1312 longius
846 1231 909 1292 iam
932 1231 1128 1312 processisti,
1152 1249 1247 1313 quam
1272 1237 1306 1291 ut

91 1338 179 1418 possis
201 1337 305 1400 uerbis
335 1338 455 1403 sanari:
497 1339 668 1419 ignominia
699 1335 917 1426 contineberis.
963 1336 1019 1399 tibi
1047 1335 1157 1398 lortius
1189 1335 1304 1416 aliquid

92 1452 117 1504 et
137 1445 219 1524 quod
242 1443 359 1506 sentias
383 1444 569 1507 inurendum
594 1452 661 1506 est:
695 1443 726 1506 in
750 1442 878 1506 exilium
901 1449 933 1504 et
948 1440 1021 1504 loca
1036 1443 1146 1523 ignota
1161 1441 1302 1505 'mitteris
1319 1470 1344 1511 10

91 1549 115 1611 in
141 1558 173 1612 te
202 1550 328 1612 duriora
358 1549 500 1613 remedia
530 1551 591 1612 iam
623 1549 724 1612 solida
746 1549 883 1630 nequitia
906 1548 1084 1611 desiderat:
1127 1557 1160 1610 et
1183 1546 1305 1610 uincula

66 1669 77 1722 :l
91 1655 202 1737 publica
223 1665 256 1719 et
279 1677 386 1718 carcer
408 1655 615 1720 adhibebitur.
655 1655 712 1718 tibi
734 1653 912 1719 insanabilis
935 1646 1057 1717 animus
1081 1662 1114 1717 et
1136 1654 1305 1717 sceleribus

91 1761 196 1824 scelera
224 1763 417 1837 contexens,
449 1772 482 1825 et
510 1763 572 1826 iam
604 1783 668 1824 non
692 1763 805 1838 causis,
836 1781 918 1842 quae
941 1781 1115 1842 numquam
1139 1760 1224 1824 malo
1249 1763 1304 1823 de-

91 1865 198 1932 futurae
227 1878 313 1944 sunt,
343 1867 512 1952 inpelleris,
543 1871 600 1932 sed
632 1869 707 1932 satis
737 1868 794 1931 tibi
825 1877 874 1931 est
902 1861 1019 1950 inagna
1043 1869 1084 1930 ad
1107 1869 1304 1951 peccandum

90 1993 174 2036 causa
194 1995 338 2057 peccare,
361 1975 524 2057 perbibisti
547 1975 718 2056 nequitiam
741 1983 774 2037 et
796 1975 841 2037 ita
863 1973 1034 2037 uisceribus
1057 1973 1247 2050 inmiscuisti,
1271 1983 1305 2037 ut
1318 1993 1344 2036 rs

89 2081 141 2142 nisi
166 2101 234 2144 cum
264 2081 339 2164 ipsis
371 2081 458 2144 exire
488 2101 553 2142 non
575 2081 691 2163 possit:
733 2081 808 2142 olim
832 2081 927 2143 miser
950 2080 1031 2142 mori
1054 2080 1190 2161 quaeris,
1221 2080 1304 2143 bene

93 2187 131 2248 de
155 2195 184 2250 te
213 2187 420 2264 merebimur,
450 2184 625 2250 auferemus
656 2185 712 2250 tibi
742 2187 835 2248 istam
863 2207 927 2267 qua
949 2187 1074 2250 uexatis
1097 2186 1247 2250 insaniam
1271 2195 1304 2250 et

90 2302 214 2374 pertua
245 2293 409 2373 alienaque
440 2292 583 2355 uolutato
613 2292 765 2376 supplicia
795 2292 828 2355 id
858 2293 946 2374 quod
978 2313 1073 2354 unum
1101 2293 1158 2355 tibi
1181 2292 1303 2356 bonum

93 2409 218 2480 superest
241 2397 557 2480 repraesentabimus,
581 2407 726 2462 mortem.
758 2419 854 2481 quare
876 2399 991 2462 irascar
1011 2397 1147 2460 cuicum
1163 2400 1303 2462 maxime
1392 2443 1394 2448 -

64 2508 223 2584 lprosum?
263 2505 390 2567 interim
421 2505 576 2587 optimum
607 2505 839 2568 misericordiae
871 2525 970 2586 genus
997 2513 1047 2568 est
1077 2505 1230 2569 occidere.
1277 2507 1302 2568 si
1316 2521 1342 2562 ἰο

88 2609 234 2674 intrassem
267 2610 530 2674 ualetudinarium
561 2613 719 2674 exercitus
755 2620 789 2674 ut
825 2612 926 2674 sciens
957 2619 1011 2674 aut
1044 2591 1158 2674 domus
1191 2613 1303 2688 diuitis,

89 2717 241 2780 nunidem
265 2703 473 2798 imperassem
497 2718 643 2780 omnibus
666 2738 722 2801 per
746 2719 871 2781 diuersa
885 2717 1131 2799 aegrotantibus.
1171 2720 1257 2782 uaria
1272 2718 1303 2780 in

90 2829 129 2884 tot
155 2825 260 2898 animis
292 2823 368 2886 uitia
399 2824 492 2886 uideo
524 2832 556 2886 et
571 2825 702 2908 ¹ciuitati
733 2826 890 2888 curandae
921 2823 1080 2887 adhibitus
1111 2845 1200 2888 sum:
1242 2845 1302 2906 pro

91 2929 218 3011 uiusque
242 2929 361 2992 morbo
385 2930 541 2992 medicina
563 2940 739 3012 quaeratur.
786 2929 870 2994 hunc
892 2934 982 2994 sanet
998 2931 1195 3006 uerecundia,
1218 2929 1303 2994 hunc

64 3046 75 3094 s
91 3037 290 3116 peregrinatiO,
314 3034 399 3098 hunc
422 3035 523 3112 dolor,
545 3036 630 3099 hunc
653 3047 787 3118 egestae,
811 3035 895 3100 hunc
920 3035 1045 3100 ferrum.
1091 3039 1196 3119 itaque
1220 3045 1252 3100 et
1275 3038 1301 3100 si
1315 3043 1341 3086 ²⁵

91 3158 218 3218 peruersa
240 3142 403 3204 induenda
426 3142 621 3223 magistratui
644 3145 740 3207 uestis
763 3152 795 3206 et
818 3144 1027 3206 conuocanda
1049 3144 1178 3206 classico
1195 3144 1323 3206 contio'

92 3255 139 3320 est,
170 3250 343 3330 procedam
366 3248 398 3310 in
421 3247 555 3310 tribunal
578 3269 643 3310 non
666 3248 771 3312 furens
795 3269 854 3312 nec
876 3248 1006 3336 infestus
1029 3251 1087 3312 sed
1111 3250 1199 3316 uoltu
1223 3249 1302 3331 legis

92 3360 114 3411 et
143 3353 189 3415 illa
218 3354 386 3418 sollemnia
416 3353 514 3416 uerba
544 3354 606 3417 leni
637 3357 738 3436 magis
768 3357 920 3438 grauique
951 3375 1048 3437 quarn
1080 3357 1191 3419 rabida
1222 3377 1301 3420 uoce

75 3460 244 3542 ¹concipiam
268 3469 302 3522 et
326 3460 378 3540 agi
399 3458 518 3523 iubebo
541 3481 606 3524 non
629 3462 724 3526 iratus
748 3462 806 3524 sed
829 3459 966 3525 seuerus.
1006 3470 1126 3525 etcum
1145 3464 1300 3526 ceruicem

156 3721 300 3774 luenefieo
326 3721 352 3792 (ο
372 3738 410 3777 ex
428 3725 437 3773 i
456 3723 539 3790 corr.)
626 3723 724 3790 {ipone
809 3704 911 3775 remedii
1006 3725 1066 3779 sstu
1086 3724 1211 3795 (intas.)

91 3811 205 3872 lpublica
224 3808 388 3865 Pincianus:
410 3813 537 3878 publicata
651 3813 683 3866 :12
703 3814 861 3864 adhibebitur
880 3811 933 3866 Εἰ
956 3815 1087 3865 adhibetur
1204 3817 1234 3870 17
1253 3835 1301 3884 qua

91 3899 167 3947 uexatis
184 3898 349 3953 deteriores:
369 3905 421 3966 qui
439 3917 512 3952 uexes
531 3902 637 3968 uexatis
710 3901 742 3954 18
761 3901 871 3952 uolutato
890 3902 983 3956 nescio
1002 3904 1076 3973 quis:
1097 3907 1224 3972 uoluptate

92 3981 115 4034 tl
132 3990 241 4038 exercitus
259 3989 339 4038 sciens
363 3989 398 4056 (ut
416 3991 495 4040 sciens
513 3986 639 4059 Maduiql
664 3997 704 4040 aut
729 3991 823 4040 domini
847 3991 929 4042 diuitis
950 3989 1087 4046 Goereuz:
1115 3996 1260 4046 exercitatus
1279 4003 1303 4046 et

91 4072 153 4123 sciens
170 4082 208 4125 aut
227 4078 318 4127 domus
335 4077 416 4128 diuitis
435 4075 495 4132 aod.
515 4079 610 4127 domini
629 4078 814 4131 necessarium
834 4093 888 4132 nou
910 4079 1021 4136 uz'detur
1040 4081 1092 4136 etsi
1115 4083 1304 4139 cominendari

36 4206 41 4216 ,
91 4158 199 4215 uideatur
220 4163 301 4235 Verp.
322 4165 390 4220 Aen.
412 4167 453 4228 12,
473 4168 523 4218 473
543 4167 614 4231 nigra
633 4167 698 4217 uelut
725 4183 830 4232 magnas
855 4169 950 4218 domini
976 4186 1031 4221 cum
1051 4172 1134 4224 diuitis
1154 4174 1227 4223 aedes
1247 4191 1302 4239 per·

91 4247 145 4298 uolat
156 4291 162 4304 .
175 4293 181 4305 .
192 4254 298 4304 hirundo
372 4253 405 4306 27
423 4255 489 4304 uultu
561 4252 722 4308 Humanum
738 4255 911 4311 conicieulem
925 4259 992 4310 uoltu
1005 4261 1054 4310 leni
1073 4267 1097 4310 et
1110 4262 1153 4312 illa
1171 4261 1302 4314 sollemnia

91 4337 152 4386 uerba
174 4343 251 4407 magis
274 4343 345 4407 graui
367 4358 440 4407 quam
466 4343 554 4392 rabida
578 4341 713 4412 refutauit
736 4342 861 4414 Lipsius,
886 4343 958 4401 idem
983 4365 1036 4402 trun
1063 4349 1152 4404 minus
1177 4352 1219 4416 agi
1245 4353 1301 4417 (29)

92 4437 157 4488 quam
174 4429 225 4494 lege
244 4431 285 4496 agi
305 4428 361 4483 dici
379 4428 470 4484 docuit

1067 4527 1084 4580 4
