3212 5326
462 365 543 408 DlAL.
560 365 587 411 11.
619 365 659 406 DE
675 365 727 406 IRA
742 365 796 408 LlB.
813 365 842 409 11.
871 367 903 409 31.
921 368 954 410 82.
1279 371 1320 433 79

109 513 308 596 turpissimam
347 512 449 574 aiebat
481 511 597 574 Fabius
636 511 818 592 imperatori
851 485 1087 575 excusationem
1127 531 1214 574 esse:
1256 516 1321 604 n'qn

108 619 211 703 putaui.
239 625 320 700 'ego
352 619 564 700 turpissimam
603 617 723 680 homini
760 628 848 699 puto.
895 619 1001 680 omnia
1039 625 1124 700 puta,
1163 628 1319 700 expecta:

82 727 192 791 letiam
222 727 253 787 in
289 725 383 787 bonis
421 724 562 788 moribus
592 723 709 807 aliquid
739 725 856 788 existet
894 724 1042 808 asperius.
1086 724 1145 789 fert
1183 725 1322 787 humana

108 844 207 896 natura
229 831 397 894 insidiosos
420 831 558 908 animos,
587 831 647 894 fert
677 832 834 912 ingrat05,
866 830 926 894 fert
950 832 1098 914 cupidos,
1129 830 1188 894 fert
1211 831 1321 912 inpios

108 959 170 1002 cum
193 939 232 1001 de
257 938 347 1000 unius
370 937 510 1002 moribus
533 938 693 1014 iudicabis,
718 939 759 1000 de
782 937 913 1020 publicis
943 939 1058 1020 cogita.
1104 936 1157 1000 ubi
1182 938 1322 1000 maxime
1350 961 1362 1000 a

107 1044 257 1127 gaudebis,
282 1045 423 1108 maxime
446 1054 560 1108 metue.
606 1044 659 1108 ubi
682 1043 848 1126 tranquilla
879 1045 935 1107 tibi
959 1045 1066 1108 omnia
1089 1045 1250 1121 uidentur,
1281 1044 1323 1106 ibi

28 1159 32 1168 ¹
107 1153 236 1216 nocitura
258 1172 325 1216 non
349 1153 461 1214 desunt
483 1154 541 1214 sed
565 1151 737 1234 quiescunt.
781 1171 907 1233 semper
934 1150 1071 1214 futurum
1096 1146 1210 1233 aliquid
1234 1150 1321 1232 quod

106 1269 133 1324 te
153 1259 294 1322 offendat
317 1259 471 1321 existima.
518 1258 713 1340 gubernator
744 1277 916 1340 numquam
945 1259 988 1321 ita
1016 1266 1103 1321 totos
1126 1259 1210 1320 sinus
1233 1276 1321 1320 secu-

105 1387 151 1428 rus
186 1365 353 1449 explicuit,
392 1374 427 1428 ut
464 1385 529 1428 non
568 1364 719 1448 expedite
756 1366 797 1427 ad
837 1343 1088 1428 contrahendum
1126 1373 1323 1427 armamenta

79 1474 285 1555 adisponeret.
332 1470 406 1534 illud
429 1481 502 1534 ante
526 1473 634 1533 omnia
656 1453 778 1552 cogita,
810 1471 938 1534 foedam
962 1491 1031 1534 esse
1054 1481 1088 1534 et
1110 1469 1321 1533 execrabilem
1340 1495 1363 1535 ru

105 1581 161 1643 uim
183 1580 318 1643 nocendi
349 1587 381 1642 et
411 1578 631 1642 alienissimam
662 1577 797 1654 homini,
822 1578 908 1641 cuius
930 1577 1085 1641 beneficio
1110 1578 1204 1641 etiam
1229 1597 1324 1640 saeua

106 1696 325 1749 mansuescunt„
372 1686 499 1768 adspice
523 1695 684 1748 taurorum
715 1685 790 1766 iugo
814 1684 896 1748 colla
925 1685 1081 1748 submissa
1111 1693 1143 1748 et
1175 1684 1322 1767 elephana

106 1799 200 1855 torum
223 1793 328 1875 pueris
350 1793 465 1874 pariter
488 1813 525 1854 ac
547 1791 669 1854 feminis
685 1790 929 1874 persultantibus
952 1800 1051 1873 terga·
1066 1793 1181 1874 inpune
1205 1793 1324 1856 calcata

106 1909 133 1962 et
154 1900 288 1982 repentis
312 1898 392 1962 inter
414 1897 529 1982 pocula
559 1899 706 1980 sinusque
737 1896 868 1974 innoxio
896 1897 985 1980 lapsu
1009 1899 1164 1962 dracones
1189 1907 1221 1962 et
1244 1900 1325 1962 intra

105 2004 226 2068 domum
250 2025 396 2068 ursorum
419 2004 611 2088 leonumque
634 2025 692 2068 ora
721 2003 845 2088 placida
872 2005 1078 2068 tractantibus
1107 2003 1324 2086 adulantisque
1333 2013 1364 2068 'rr

79 2113 260 2182 rdominum
286 2111 386 2175 seras:
412 2111 545 2195 pudebit
562 2132 633 2175 cum
654 2110 840 2174 animalibus
862 2120 1061 2193 permutasse
1077 2131 1190 2175 mores.
1237 2111 1324 2175 nefas

106 2227 148 2281 est
168 2239 282 2282 nocere
312 2219 452 2301 patriae:
486 2238 565 2300 ergo
588 2218 646 2280 ciui
670 2239 811 2300 quoque,
843 2239 917 2281 nam
948 2217 998 2281 hic
1021 2239 1093 2302 pars
1117 2218 1237 2302 patriae
1267 2229 1323 2282 est.

105 2335 221 2388 sanctae
244 2333 352 2407 partes
375 2334 454 2401 sunt,
478 2324 503 2388 si
527 2326 705 2387 uniuersum
733 2324 913 2388 uenerabile
936 2334 993 2388 est.
1040 2346 1117 2408 ergo
1141 2333 1173 2389 et
1196 2324 1325 2400 homini,

105 2445 171 2492 nam
199 2431 249 2494 hic
280 2431 312 2493 in
351 2432 470 2495 maiore
506 2431 561 2494 tibi
592 2431 671 2493 urbe
701 2430 776 2494 ciuis
807 2439 862 2494 est.
909 2433 985 2513 quid
1015 2432 1040 2493 si
1078 2451 1195 2496 nocere
1229 2430 1325 2494 uelint

105 2557 204 2601 manus
241 2537 398 2621 pedibus?
445 2538 590 2602 manibus
628 2537 730 2600 oculi?
770 2546 805 2600 ut
846 2539 953 2600 omnia
990 2540 1071 2600 inter
1107 2559 1141 2602 se
1180 2539 1325 2602 membra
1339 2557 1365 2596 ru

105 2645 301 2719 consentiunt,
325 2646 399 2726 quia
420 2642 542 2726 singula
557 2645 674 2706 seruari
690 2645 786 2706 totius
810 2645 947 2720 interest,
970 2645 1013 2707 ita
1028 2644 1174 2708 homines
1197 2645 1325 2726 singulis

104 2759 232 2830 parcent,
263 2752 337 2834 quia
367 2751 409 2812 ad
432 2760 560 2814 coetum
584 2751 680 2830 geniti
707 2758 788 2813 sunt.
834 2750 921 2813 salua
952 2761 1058 2814 autem
1090 2769 1160 2812 esse
1190 2752 1324 2814 societas

78 2856 154 2926 anisi
183 2858 328 2920 custodia
358 2866 391 2919 et
421 2877 531 2932 amore
561 2857 696 2940 partium
728 2879 792 2922 non
816 2866 932 2941 potest.
977 2877 1018 2919 ne
1048 2859 1171 2942 uiperas
1194 2859 1323 2940 quidem

107 2970 132 3023 et
159 2963 300 3038 natrices
332 2973 364 3026 et
393 2964 418 3025 si
441 2983 504 3044 qua
535 2983 642 3028 morsu
666 2972 719 3026 aut
742 2965 805 3026 ictu
828 2970 960 3040 nocent,
992 2963 1211 3045 effligeremuS,
1242 2964 1267 3028 si
1290 2973 1324 3026 ut

107 3069 212 3152 reliqua
235 3069 471 3133 mansuefacere
486 3089 653 3153 possemus
669 3078 723 3133 aut
739 3068 870 3146 efficere,
895 3091 935 3133 ne
951 3071 1042 3133 nobis
1063 3071 1168 3132 aliisue
1184 3069 1322 3152 periculo
1338 3085 1364 3126 2⁵

106 3187 205 3240 essent.
252 3197 332 3258 ergo
355 3196 395 3239 ne
418 3175 537 3240 homini
559 3177 689 3258 quidem
712 3177 906 3252 nocebimus,
933 3178 1006 3258 quia
1028 3177 1179 3259 peccauit,
1202 3177 1260 3239 sed
1284 3195 1324 3238 ne

105 3291 213 3360 peccet,
233 3303 293 3345 nec
308 3303 459 3365 umquam
475 3284 518 3345 ad
533 3283 744 3365 praeteritum,
761 3286 817 3344 sed
834 3284 875 3345 ad
892 3283 1028 3346 futurum
1045 3303 1148 3365 poena
1164 3282 1322 3345 referetur.

104 3407 158 3449 non
188 3390 271 3451 enim
294 3390 443 3465 irascitur,
465 3390 523 3452 sed
548 3397 646 3452 cauet.
693 3411 767 3452 nam
798 3391 823 3452 si
854 3390 1030 3472 puniendus
1066 3397 1114 3450 est
1137 3390 1323 3472 cuicumque

105 3513 225 3574 prauum
257 3494 498 3577 maleficumque
521 3497 680 3577 ingenium
703 3505 759 3572 est,
783 3515 888 3578 poena
911 3497 1070 3558 neminem
1095 3495 1239 3578 excipiet.

80 3613 91 3666 1
183 3601 318 3664 XXXII.
365 3602 413 3665 At
443 3603 526 3665 enim
558 3603 602 3664 ira
637 3601 735 3665 habet
765 3602 901 3684 aliquam
937 3589 1135 3684 uoluptatem
1167 3611 1199 3664 et
1230 3599 1322 3664 dulce
1336 3617 1362 3658 ao

106 3714 148 3768 est
162 3707 305 3772 dolorem
321 3709 463 3771 reddere.
510 3709 653 3772 minime:
680 3729 744 3771 non
768 3710 852 3770 enim
873 3717 908 3771 ut
923 3709 953 3770 in
977 3706 1136 3770 beneficiis
1151 3705 1321 3770 honestum

109 3821 150 3874 est
170 3817 279 3878 merita
302 3815 421 3878 meritis
443 3835 626 3896 repensare,
658 3817 701 3877 ita
732 3815 854 3877 iniurias
877 3815 1003 3878 iniuriis
1044 3813 1105 3877 illic
1127 3815 1207 3877 uinci
1230 3823 1322 3895 turpe

111 3987 228 4041 'dexsistet
317 3991 334 4043 *l
354 3993 444 4057 impios
535 3995 649 4044 limetue
670 3989 765 4044 Gertz:
787 3999 878 4041 metues
965 3989 998 4043 lO
1017 3991 1100 4054 fedam
1188 3989 1218 4040 12
1238 3989 1322 4053 aspice

196 4086 320 4131 taurorum
340 4079 449 4134 Haase:
470 4081 656 4146 elephantorum
766 4081 896 4130 summissa
1004 4079 1189 4144 elephantorum
1209 4075 1318 4130 Haase:

110 4171 219 4220 taurorum
318 4170 349 4223 13
369 4171 577 4235 persalutautib;
670 4171 770 4234 impune
862 4168 893 4221 15
913 4169 1021 4233 leonliq5
1043 4167 1083 4232 (q;
1105 4165 1132 4218 itt
1151 4163 1218 4230 rac.)

109 4253 137 4306 22
154 4265 206 4321 cetu
284 4258 319 4312 23
339 4252 435 4323 uiperas
450 4259 499 4324 qde
531 4251 628 4326 (⁵qdem
646 4256 673 4308 in
693 4256 760 4322 ras.)
859 4255 893 4310 24
912 4265 936 4305 ut
955 4256 1048 4322 reliqua
1068 4253 1231 4308 deteriorum
1250 4268 1321 4306 unus
1418 4295 1420 4301 ,

108 4383 130 4429 ei
145 4378 284 4436 ediiiones:
306 4383 331 4431 in
350 4382 468 4447 reliquam
554 4381 587 4432 25
607 4339 680 4431 aliiue
699 4381 721 4447 (s
741 4385 803 4433 artie
822 4395 852 4429 ue
870 4377 933 4445 del.)
1019 4378 1053 4432 29
1072 4379 1175 4443 excipiet
1195 4377 1214 4444 (t
1234 4379 1319 4444 corr.)

186 4471 217 4524 32
238 4477 356 4537 repesare
375 4470 457 4537 (esare
476 4469 502 4522 t'tt
522 4469 589 4530 ras.)
