3234 5336
327 359 549 402 CONTVMELIAM
567 361 714 403 ACCIPERE
733 361 915 407 SAPIENTEM.
935 364 996 407 V111.
1013 364 1051 404 ix.
1264 370 1304 432 25

98 506 196 568 scimus
227 514 364 569 mortem
404 507 522 572 malum
555 529 619 570 non
651 529 736 584 esse,
768 508 811 572 ob
843 509 905 572 hoc
934 530 973 572 ne
996 510 1135 572 iniuriam
1166 511 1306 591 quidem,

99 612 184 674 multo
200 613 315 676 facilius
331 613 390 676 alia
406 613 618 692 tolerabimus,
643 618 769 692 damna,
793 597 929 690 dolores,
946 615 1140 697 ignominias,
1164 617 1306 680 locorum

98 721 361 796 commutationes,
399 721 567 798 orbitates,
606 724 752 798 discidia,
794 743 875 804 quae
913 724 1104 804 sapientem,
1136 725 1244 786 etiarn
1284 725 1308 786 si

99 827 225 888 uniuersa
253 829 513 904 circumueniant,
547 851 610 892 non
643 838 805 910 mergunt,
837 830 954 892 nedum
986 836 1020 892 ut
1052 829 1091 892 ad
1115 829 1307 911 siugulorum

98 933 219 1014 inpulsus
252 945 400 998 maereat.
447 945 479 998 et
510 937 533 998 si
566 936 708 1000 fortunae
740 937 862 998 iniurias
894 935 1057 999 moderate
1086 935 1158 1011 fert,
1189 945 1335 1018 quantos

99 1041 189 1121 magis
207 1041 371 1103 hominurn
395 1043 582 1124 potentium,
606 1065 687 1125 quos
711 1045 768 1106 scit
792 1043 935 1106 fortunae
959 1063 1070 1105 manus
1093 1047 1182 1105 esse?

74 1149 83 1216 ,1
176 1147 227 1210 lX.
275 1147 393 1212 Omnia
417 1151 523 1231 itaque
545 1149 589 1213 sic
612 1151 728 1232 patitur
750 1159 783 1212 ut
806 1151 916 1212 hiemis
941 1149 1076 1230 rigorem
1102 1158 1133 1212 et
1157 1150 1308 1232 intempe-

97 1257 214 1322 rantiam
231 1255 316 1350 caeli,
341 1265 375 1318 ut
391 1256 529 1320 feruores
547 1257 742 1339 morbosque
766 1265 797 1318 et
822 1265 926 1320 cetera
949 1256 1030 1320 forte
1047 1255 1227 1331 accidentia,
1252 1277 1310 1319 nec

97 1361 129 1423 de
148 1383 307 1444 quoquam
332 1371 398 1426 tam
422 1364 503 1426 bene
527 1365 649 1438 iudicat,
683 1373 717 1426 ut
749 1363 833 1426 illum
865 1364 1032 1445 quicquam
1066 1371 1156 1445 putet
1180 1362 1309 1426 consilio

97 1467 201 1544 fecisse,
224 1469 310 1550 quod
335 1471 364 1531 in
390 1490 452 1532 uno
484 1470 624 1552 sapiente
656 1480 711 1533 est.
758 1470 890 1534 aliorum
922 1471 1062 1533 omnium
1087 1490 1149 1531 non
1174 1469 1350 1546 consiliaro

97 1576 143 1636 sed
167 1575 287 1638 fraudes
319 1585 351 1638 et
382 1578 509 1640 insidiae
540 1587 571 1640 et
601 1587 706 1640 motus
738 1579 915 1640 animorum
947 1577 1095 1640 inconditi
1119 1586 1206 1652 sunt,
1229 1598 1310 1658 quos

97 1682 207 1744 casibus
235 1683 430 1746 adnumerat.
483 1705 579 1746 omne
606 1693 711 1746 autem
742 1683 905 1748 fortuitum
937 1685 1018 1746 circa
1048 1705 1106 1745 nos
1139 1685 1238 1746 saeuit
1268 1705 1310 1746 ex

72 1789 269 1852 Iaduenticio
310 1788 384 1852 illud
408 1811 534 1872 quoque
559 1792 686 1872 cogitat,
711 1791 886 1853 iniuriarum
904 1790 1053 1854 latissime
1078 1799 1187 1872 patere
1211 1800 1309 1853 mate-

98 1896 164 1958 riam
187 1898 214 1958 in
239 1896 303 1972 illis,
329 1918 386 1979 per
400 1918 480 1978 quae
497 1898 668 1978 periculum
686 1898 776 1960 nobis
793 1899 968 1978 quaesitum
987 1906 1043 1972 est,
1068 1907 1101 1958 ut
1125 1906 1308 1960 accusatore

98 2005 251 2066 summisso
276 2013 330 2065 aut
354 2004 567 2066 criminatione
598 2003 675 2066 falsa
706 2013 760 2066 aut
788 2005 917 2067 inritatis
949 2005 978 2065 in
1010 2024 1068 2066 nos
1096 2005 1310 2085 potentiorum
1328 2017 1351 2057 1⁶

98 2101 176 2184 odiis,
199 2131 341 2192 quaeque
365 2110 424 2174 alia
447 2112 525 2174 inter
548 2119 678 2192 togatos
702 2111 863 2174 latrocinia
885 2120 965 2175 sunt.
1013 2120 1108 2175 estet
1132 2109 1182 2172 illa
1205 2111 1313 2172 iniuria

98 2215 238 2298 frequens,
262 2219 287 2279 si
304 2217 424 2280 lucrum
448 2217 536 2280 alicui
553 2223 721 2282 excussum
747 2228 793 2281 est
809 2228 863 2281 aut
879 2219 1053 2300 praemium
1071 2219 1123 2280 diu
1140 2225 1311 2298 captatum,

99 2323 119 2382 si
139 2344 250 2405 magno
274 2323 385 2386 labore
408 2324 566 2388 adfectata
589 2325 744 2387 hereditas
768 2345 878 2388 auersa
901 2333 949 2388 est
973 2334 1004 2389 et
1019 2334 1229 2406 quaestuosae
1253 2325 1310 2386 do-

100 2451 160 2492 mus
181 2432 279 2511 gratia
304 2441 420 2512 erepta.
458 2433 537 2493 haec
565 2431 676 2512 effugit
707 2433 846 2514 sapiens,
877 2433 929 2513 qui
958 2431 1056 2504 nescit
1079 2451 1137 2493 nec
1167 2432 1197 2493 in
1221 2451 1312 2512 spem

73 2551 148 2600 :inec
174 2539 201 2600 in
233 2546 355 2600 metum
388 2539 499 2600 uiuere.
546 2538 635 2600 adice
668 2559 749 2600 nunc
776 2540 864 2621 quod
895 2538 1035 2600 iniuriam
1067 2557 1162 2600 nemo
1193 2539 1313 2600 inmota
1327 2550 1352 2591 ²⁰

100 2655 192 2706 mente
214 2645 334 2726 accipit,
359 2647 415 2706 sed
439 2643 479 2706 ad
503 2665 629 2707 sensum
654 2647 718 2707 eius
749 2645 957 2726 perturbatur.
1005 2653 1089 2706 caret
1113 2654 1219 2708 autern
1243 2665 1311 2726 per-

100 2749 264 2814 turbatione
292 2752 339 2813 uir
369 2761 499 2814 erectus.
547 2753 703 2814 erroribus
735 2752 917 2814 moderatur
946 2753 1008 2813 suis
1040 2749 1124 2812 altae
1147 2742 1258 2831 quietis
1281 2760 1313 2813 et

100 2855 236 2935 placidae.
283 2878 359 2921 nam
383 2858 408 2920 si
432 2861 533 2939 tangit
557 2857 642 2921 illum
666 2859 780 2933 iniuria,
806 2867 836 2922 et
860 2867 969 2921 mouet
1000 2867 1032 2920 et
1055 2855 1180 2939 inpellit.
1227 2863 1313 2919 caret

102 2972 194 3025 autem
218 2965 262 3026 ira
286 2965 419 3045 sapiens,
444 2986 539 3045 quarn
556 2967 674 3028 excitat
698 2965 823 3026 iniuriae
847 2966 975 3046 species,
1000 2983 1059 3026 nec
1083 2963 1170 3026 aliter
1194 2971 1313 3024 careret

101 3070 139 3129 ira
159 3071 210 3132 nisi
234 3080 267 3133 et
292 3072 407 3146 iniuria,
431 3091 526 3153 quam
552 3073 609 3133 seit
628 3071 686 3134 sibi
703 3093 767 3132 non
790 3091 886 3153 posse
910 3071 993 3133 fieri:
1021 3071 1094 3132 inde
1109 3078 1176 3132 tam
1192 3078 1314 3132 erectus
1329 3081 1355 3123 2⁶

101 3173 247 3259 laetusque
271 3187 328 3252 est,
353 3179 425 3240 inde
449 3179 598 3240 continuo
615 3179 733 3259 gaudio
758 3176 866 3241 elatus.
912 3178 995 3239 adeo
1019 3185 1125 3239 autem
1150 3177 1191 3238 ad
1215 3176 1313 3238 offen-

101 3281 191 3346 siones
225 3305 330 3347 rerum
367 3283 594 3365 hominumque
631 3305 695 3347 non
724 3282 932 3360 contrahitur,
970 3293 1003 3346 ut
1039 3284 1106 3365 ipsa
1137 3281 1178 3344 illi
1209 3283 1316 3344 iniuria

103 3389 158 3449 usui
178 3391 224 3465 sit,
248 3411 305 3472 per
335 3411 430 3472 quam
462 3393 715 3482 experimentum
747 3392 794 3453 sui
821 3379 905 3472 capit
936 3400 968 3452 et
999 3391 1147 3454 uirtutem
1172 3398 1315 3472 temptat.

103 3635 116 3684 ‘2
134 3637 216 3687 damna
235 3639 334 3688 dolores
348 3635 508 3692 Pincianus:
531 3640 622 3689 damna
641 3645 664 3688 et
677 3639 775 3689 dolores
847 3637 863 3690 4
883 3639 975 3687 circum
995 3639 1094 3687 ueniant
1166 3635 1180 3688 f)
1201 3637 1317 3702 impulsus

105 3749 181 3794 mereat
277 3745 408 3809 Thyamis
498 3740 694 3811 8necdeq⁰quti
790 3745 817 3797 1‘2
842 3745 988 3795 adnumerat
1012 3743 1160 3798 deteriores
1179 3741 1302 3797 nonnulli
1308 3761 1314 3793 t

105 3830 249 3883 adnumerant
346 3851 374 3883 ex
394 3835 533 3885 aduenticio
553 3831 643 3888 Kocfl:
665 3843 688 3886 et
708 3835 792 3884 inuitia
890 3830 1317 3902 ConfiadMarc.10,1quod

105 3919 160 3969 circa
177 3939 219 3972 nos
238 3941 266 3972 ex
287 3924 426 3972 aduenticio
446 3925 521 3988 fulget
577 3924 611 3989 (et
630 3925 654 3973 in
673 3925 731 3974 uilia
751 3919 876 3990 Maduiq)
947 3921 978 3974 14
1004 3924 1027 3972 in
1048 3923 1096 3972 illis
1115 3919 1243 3990 Madufq:
1269 3921 1317 3969 illis

185 4063 213 4116 ll)
233 4066 331 4114 irritatis
417 4065 444 4118 lli
464 4067 528 4115 odiis
546 4063 674 4133 Maduiq:
697 4066 770 4115 motis
848 4024 947 4114 laliinia
968 4065 994 4130 (o
1008 4079 1041 4117 m.
1053 4068 1111 4133 pr.)
1196 4061 1224 4114 17
1244 4062 1317 4111 alicui

108 4144 193 4219 Neap:
215 4153 314 4204 alicuius
424 4154 524 4204 excussu
543 4165 595 4207 nou
616 4171 739 4204 excessum
759 4151 819 4207 cod.
911 4154 944 4207 22
965 4155 1028 4202 altae
1047 4152 1134 4218 quietis
1153 4157 1175 4201 et
1195 4150 1316 4216 placidae,

107 4249 166 4302 ettae
184 4241 320 4310 temptauit
334 4241 423 4304 Gertz,
444 4239 630 4308 defenduntur
641 4240 724 4295 simili
735 4241 795 4295 loco
809 4240 846 4295 ad
860 4239 985 4296 Heluium
999 4246 1023 4308 b,
1038 4245 1052 4292 5
1073 4241 1189 4290 inuictum
1208 4239 1316 4288 animum

110 4329 163 4375 tener
175 4333 312 4394 exploratae
326 4333 374 4380 iam
389 4333 523 4389 firmitati&
539 4332 600 4402 elusa
614 4335 703 4386 aulem
717 4329 855 4384 conclusio
865 4328 952 4399 focile
964 4327 1106 4398 suppletur·
1176 4327 1208 4379 23
1223 4327 1317 4391 inpellit

111 4461 247 4524 Bentleius:
275 4473 368 4538 inpedit
462 4431 528 4523 carreet
630 4475 663 4526 21⁷)
690 4491 739 4522 non
758 4489 830 4537 posse
855 4473 906 4526 fieri
925 4469 1021 4541 uulqo:
1049 4469 1156 4535 possed
1176 4470 1227 4518 fieri
