3212 5318
284 315 364 358 mat„
375 315 403 358 Χ.
432 317 474 358 ΑΒ
489 316 643 358 antxttvtt
661 317 700 358 bc
715 318 885 360 BREVITATE
900 319 996 364 vtTAs.
1024 325 1045 366 ll.
1063 313 1094 364 l0.
1239 328 1297 391 231

92 461 298 542 occupaueris,
330 472 437 526 tamen
463 452 567 542 fugiet.
614 463 719 545 itaque
743 484 814 528 cunr
839 463 997 528 celeritate
1022 469 1173 547 temporis
1197 469 1303 531 utendi

91 569 245 632 uelocitate
278 571 463 632 certandum
496 578 544 632 est
576 579 608 632 ct
632 569 717 633 uelut
741 591 781 632 ex
808 574 938 634 torrenti
964 573 1074 652 rapido
1099 593 1156 636 nec
1179 595 1304 654 semper

64 693 74 739 :t
90 677 158 738 ituro
181 677 246 738 cito
272 675 487 740 hauriendum.
535 675 596 738 hoc
619 697 747 758 quoque
763 676 971 758 pulcherrime
987 679 1033 740 ad
1045 679 1303 760 exprobrandam

90 781 228 846 infinitam
255 785 493 864 cogitationem,
517 785 604 866 quod
628 804 692 846 non
716 783 870 865 optimam
895 804 1054 866 quamque
1078 795 1225 861 aetatem,
1247 788 1305 849 sed

12 891 14 952 i
89 889 160 950 diem
185 889 272 952 dicit.
319 889 395 970 quid
418 909 545 954 securus
568 898 600 952 et
624 891 654 952 in
671 899 759 953 tanta
776 899 957 972 temporum
974 890 1047 971 iuga
1064 891 1165 954 lentus
1181 913 1305 956 menses
1333 910 1345 948 a

89 994 135 1056 tibi
164 1004 197 1057 et
229 1016 332 1058 annos
363 1006 395 1058 et
425 995 554 1076 longam
587 999 718 1072 seriem,
750 1005 920 1079 utcumque
943 998 1084 1062 auiditati
1109 1009 1182 1062 tuae
1206 999 1305 1062 uisum

88 1111 142 1178 est,
170 1104 371 1184 exporrigis?
412 1104 453 1166 de
485 1105 535 1166 die
567 1111 671 1166 tecum
701 1103 837 1186 loquitur
861 1113 892 1166 et
916 1105 956 1166 de
981 1105 1043 1166 hoc
1067 1107 1134 1186 ipso
1160 1104 1305 1186 fugiente.

68 1221 141 1273 lnon
171 1209 307 1272 dubium
325 1218 387 1272 est
418 1230 512 1290 ergo,
544 1210 618 1292 quin
650 1212 772 1292 optima
803 1231 946 1290 quaeque
966 1211 1046 1273 ¹dies
1077 1213 1177 1292 prima
1209 1211 1306 1293 fugiat

89 1315 267 1378 mortalibus
292 1317 420 1392 miseris
444 1318 476 1380 id
497 1326 545 1380 est
567 1317 746 1400 occupatis:
774 1337 908 1398 quorum
925 1316 1048 1398 puerilis
1064 1317 1167 1380 adhuc
1183 1321 1305 1380 animos
1382 1371 1388 1378 .

87 1431 223 1486 senectus
249 1423 407 1504 opprimit,
430 1425 471 1486 ad
495 1445 590 1506 quam
615 1425 746 1504 inparati
771 1425 967 1504 inermesque
992 1425 1184 1504 perueniunt.
1231 1423 1305 1486 nihil
1323 1442 1345 1482 ru

87 1529 159 1592 enim
192 1531 356 1610 prouisum
386 1541 452 1592 est:
487 1530 591 1592 subito
615 1532 645 1592 in
669 1530 752 1594 illam
777 1531 1002 1610 necopinantes
1025 1531 1209 1593 inciderunt.
1254 1553 1304 1594 ac-

62 1647 72 1694 J·
87 1636 191 1698 cedere
224 1657 297 1700 eam
329 1638 445 1699 cotidie
477 1657 540 1698 non
571 1636 758 1700 sentiebant.
812 1637 1085 1718 quemadmodum
1117 1647 1170 1700 aut
1200 1658 1306 1702 sermo

86 1751 132 1804 aut
160 1741 259 1805 lectio
291 1752 345 1805 aut
376 1743 479 1825 aliqua
510 1745 658 1806 intentior
689 1743 841 1822 cogitatio
874 1743 931 1806 iter
963 1719 1103 1806 saciehtis
1135 1744 1251 1824 decipit
1274 1755 1306 1808 et

86 1849 259 1930 peruenisse
291 1869 326 1910 se
356 1859 430 1912 ante
461 1850 598 1912 sentiunt
630 1869 724 1930 quam
757 1850 1046 1930 adpropinquasse:
1082 1850 1125 1912 sic
1157 1849 1219 1913 hoc
1249 1850 1306 1913 iter

87 1955 158 2016 uitae
176 1955 346 2018 adsiduum
363 1965 396 2020 et
412 1956 637 2030 citatissimum,
653 1958 739 2036 quod
751 1955 912 2035 uigilantes
924 1957 1180 2036 dormientesque
1191 1957 1306 2018 eodem
1325 1973 1346 2012 tt

86 2063 178 2140 gradu
205 2061 344 2138 lacimuS,
367 2064 528 2145 occupatis
552 2083 615 2124 non
639 2073 772 2144 apparet
796 2063 851 2124 nisi
875 2066 905 2126 in
931 2063 999 2124 tine.

64 2177 70 2228 1
167 2168 209 2232 Χ.
242 2168 340 2252 Quod
364 2171 515 2250 proposui
539 2172 564 2232 si
589 2170 618 2230 in
643 2178 748 2249 partes
773 2169 866 2232 uelim
891 2177 1133 2256 etargumenta
1150 2169 1305 2244 diducere,

87 2277 178 2338 multa
211 2275 287 2338 mihi
320 2269 499 2350 occurrent,
531 2295 588 2357 per
616 2295 697 2358 quae
721 2277 856 2358 probem
880 2275 1097 2338 breuissimam
1122 2296 1190 2338 esse
1214 2297 1305 2339 occu-

86 2394 228 2464 patorum
254 2383 360 2446 uitam.
405 2381 530 2446 solebat
553 2383 657 2444 dicere
682 2381 854 2458 FabianuS,
879 2403 942 2444 non
967 2403 1008 2444 ex
1032 2381 1079 2446 his
1103 2383 1307 2447 cathedrariis

87 2489 287 2572 philosophie,
311 2491 368 2552 sed
391 2509 433 2552 ex
457 2489 538 2552 ueris
562 2499 593 2552 et
616 2490 769 2572 antiquis:
803 2498 912 2552 contra
935 2488 1080 2568 adfi’ctus
1103 2489 1221 2580 inpetis,
1246 2511 1307 2554 non
1322 2507 1347 2548 ru

86 2597 257 2677 suptilitate
276 2595 498 2676 pugnandum,
524 2616 579 2657 nec
594 2595 725 2657 ruinalis
741 2595 931 2672 uolneribus,
949 2597 1009 2658 sed
1021 2597 1147 2658 incursu
1163 2607 1306 2658 rzrrerten-

87 2703 157 2766 dam
174 2703 286 2780 acrem,
297 2724 357 2765 non
367 2701 506 2783 probam
522 2701 754 2764 ram'llationem
771 2721 853 2764 esse:
869 2703 1013 2764 altimum
1027 2703 1175 2766 contundi
1186 2703 1306 2782 debere,

87 2832 139 2874 uon
163 2810 319 2874 uellicari.
368 2819 475 2872 tamen
499 2820 534 2873 ut
557 2809 612 2872 illis
636 2830 723 2872 error
743 2809 955 2891 exprobretur
970 2831 1052 2884 suus,
1076 2809 1220 2885 docendi,
1244 2831 1308 2872 non

61 2925 203 2983 ttantum
228 2917 415 2998 deplorandi
439 2927 519 2980 sunt.
566 2916 596 2978 in
620 2917 677 2978 tria
700 2925 846 2997 tempora
868 2919 932 2979 uita
947 2915 1111 2978 diuiditur:
1139 2917 1226 2996 quod
1243 2915 1306 2990 luit,

86 3029 167 3108 quod
199 3035 264 3100 est,
296 3025 385 3106 quod
415 3022 552 3086 futurum
585 3032 641 3086 est.
690 3043 731 3086 ex
763 3023 810 3084 his
841 3024 927 3104 quod
959 3024 1098 3104 agimuS,
1129 3023 1226 3086 breue
1250 3033 1307 3097 est,
1322 3037 1348 3078 tt

87 3133 169 3212 quod
192 3131 291 3194 acturi
315 3149 431 3204 sumus,
455 3130 596 3204 dubium,
619 3130 707 3210 quod
731 3129 862 3210 egimus
886 3137 1014 3190 certum.
1062 3128 1122 3220 hoc
1147 3138 1194 3191 est
1216 3132 1308 3205 enim,

87 3241 113 3300 in
135 3240 223 3319 quod
244 3237 369 3300 fortuna
385 3237 430 3298 ius
446 3236 590 3317 perdidit,
613 3236 701 3316 quod
718 3237 747 3296 in
764 3234 875 3298 nullius
891 3234 1053 3296 arbitrium
1069 3237 1176 3298 reduci
1192 3245 1308 3316 potest.

87 3343 147 3406 hoc
176 3345 325 3407 amittunt
356 3343 510 3424 occupati.
556 3362 615 3404 nec
645 3342 727 3404 enim
759 3341 815 3404 illis
839 3351 930 3404 uacat
954 3341 1122 3422 praeterita
1145 3344 1333 3424 respicere,‘

92 3505 282 3514 ——u-——nu-

88 3590 103 3642 l
117 3593 292 3656 cogitationem
307 3587 455 3643 deteriores
464 3591 636 3653 :cognatione
648 3587 708 3641 cod.
718 3586 819 3656 Confer
831 3601 918 3658 supra
928 3604 956 3658 p.
966 3590 1025 3650 230,
1037 3591 1066 3640 iil
1080 3587 1243 3651 cogitationes
1255 3603 1310 3636 suas

90 3681 112 3729 in
131 3681 229 3746 longum
249 3681 364 3730 ordinant
455 3680 470 3731 li
491 3680 514 3726 in
534 3679 635 3742 longam
655 3679 741 3727 seriem
757 3674 838 3730 Gertz
929 3679 1013 3727 iinon
1026 3677 1126 3726 dubium
1141 3674 1306 3730 deteriores:

90 3775 123 3820 nti
147 3770 246 3818 dubium
374 3769 468 3832 optima
493 3783 603 3832 quaeque
628 3767 680 3815 dies
705 3767 785 3831 prima
805 3762 893 3826 Koclt,
919 3767 1013 3830 optima
1032 3781 1141 3830 quaeque
1160 3766 1239 3830 prima
1259 3765 1310 3814 dies

92 3855 183 3910 Gertz:
205 3857 285 3924 prima
305 3872 414 3922 quaeque
433 3857 527 3920 optima
546 3856 597 3906 dies
690 3854 722 3908 ’14
742 3856 879 3920 peruenisse
892 3871 917 3904 se
931 3852 1094 3908 deteriores:
1116 3855 1227 3918 euenisse

91 3949 188 3997 sentiunt
201 3944 294 4000 Koch:
316 3947 394 3995 sciunt
405 3943 472 3998 eod.
489 3942 565 4012 Cous.
582 3947 604 4006 1,
625 3947 639 3996 3
659 3961 732 4010 quam
743 3946 788 3993 aire
806 3960 855 3993 non
875 3944 1044 4006 intelleximus,
1064 3943 1177 3992 transisse
1195 3941 1311 4000 sentimus

175 4037 218 4086 iter
239 4037 275 4100 (er
295 4033 379 4100 corr.)
473 4033 504 4084 lb
524 4034 624 4085 assidull
644 4033 681 4100 (as
701 4033 784 4096 corr.)
860 4031 891 4084 lll
911 4033 1063 4084 cathedraris
1153 4031 1187 4082 20
1212 4031 1310 4084 affectus

92 4123 177 4191 (prior
195 4125 206 4173 l
223 4121 307 4190 corr.)
403 4121 432 4176 21
457 4123 577 4176 uulneribs
598 4124 623 4188 (u
642 4121 687 4176 alr.
707 4123 791 4189 corr.)
894 4123 928 4176 22
952 4139 1001 4172 non
1021 4123 1123 4187 proba*
1143 4121 1310 4170 cauillationes

92 4218 131 4262 eni
149 4211 204 4268 cod.
225 4229 274 4264 non
294 4213 400 4277 probam
420 4213 601 4262 cauillationem
620 4229 673 4261 esse
692 4209 816 4280 Lipsiae,
836 4210 912 4264 cuius
930 4210 1142 4264 eritenduliouem
1159 4205 1311 4277 perfecisse

93 4297 257 4356 mllt'ut'deur
268 4297 399 4354 addendo
418 4304 539 4360 oninium
561 4299 597 4369 cs.
613 4298 665 4354 Cic.
680 4301 732 4352 An.
749 4303 789 4364 12,
803 4303 836 4351 ll
857 4302 955 4350 contudi
974 4301 1037 4349 enim
1051 4301 1158 4347 animum
1173 4303 1195 4346 et
1209 4297 1311 4346 sortasse

95 4425 151 4484 uici;
174 4426 195 4480 V
197 4443 254 4497 erp.
276 4425 375 4495 Georp.
394 4430 420 4490 4,
440 4428 492 4478 240
511 4433 642 4476 contunsos
662 4427 758 4476 animos
848 4425 881 4476 25>
901 4441 930 4474 ex
950 4387 985 4474 his
