3184 5318
284 305 342 367 182
507 299 586 344 nint.
597 300 645 342 Vll.
674 299 716 341 AD
731 299 908 342 GALLIONEM
923 301 964 341 DE
978 300 1051 341 VITA
1069 299 1173 342 BEATA.
1202 301 1237 344 26.
1251 303 1286 344 ll.

278 451 378 532 ipsam
402 455 436 509 ut
460 448 547 521 deos,
570 456 603 508 et
626 445 820 529 professores
844 446 909 508 eius
933 455 967 509 ut
990 447 1143 510 antistites
1166 446 1267 510 colite.
1307 457 1339 509 et
1359 447 1489 529 quotiens

280 557 399 618 mentio
423 573 581 616 sacrarum
604 552 763 626 literarum
787 553 995 629 interuenerit,
1018 552 1122 615 fauete
1145 553 1264 634 linguis.
1297 553 1359 616 hoc
1374 555 1491 617 uerbum

192 675 199 686 “
278 683 352 736 non,
363 657 411 723 'ut
426 660 566 742 plerique
582 661 773 734 existimant,
797 681 816 723 a
831 658 941 724 fauore
956 658 1095 735 trahitur,
1119 662 1177 722 sed
1193 662 1329 744 imperat
1343 662 1491 738 silentium,

280 778 314 831 ut
345 769 402 831 rite
432 769 541 850 peragi
572 769 678 849 possit·
695 787 818 830 sacrum
843 766 926 830 nulla
949 788 1030 830 uoce
1053 766 1137 829 mala
1160 767 1374 851 obstrepente.
1417 771 1492 851 quod

240 893 252 931 ⁵
280 875 381 938 multo
413 875 513 956 magis
544 875 755 937 necessarium
787 883 835 938 est
859 874 1003 956 imperari
1027 871 1133 949 uobis,
1167 884 1200 936 ut
1223 876 1369 956 quotiens
1392 875 1493 957 aliquid

280 1004 322 1044 ex
346 981 398 1044 illo
421 981 597 1063 proferetur
620 981 755 1056 oracu10,
779 983 890 1044 intenti
912 989 945 1043 et
968 1001 1138 1064 conpressa
1160 1001 1241 1043 uoce
1263 983 1403 1045 audiatis
1432 997 1518 1047 cumi
1578 989 1579 992 ’

275 1091 405 1152 'sistrum
428 1088 536 1170 aliquis
560 1089 742 1151 concutiens
765 1109 807 1150 ex
831 1089 964 1169 imperio
988 1089 1143 1163 mentitur,
1168 1099 1239 1151 cum
1256 1088 1366 1170 aliquis
1381 1091 1493 1153 secandi

279 1195 413 1259 lacertos
436 1216 511 1258 suos
535 1193 647 1258 artifex
672 1194 800 1257 brachia
822 1203 918 1276 atque
933 1215 1060 1257 umeros
1077 1215 1229 1277 suspensa
1245 1215 1340 1258 manu
1356 1185 1492 1271 ementat

279 1324 351 1367 cum
382 1303 491 1384 aliquis
522 1302 653 1382 genibus
684 1323 741 1385 per
771 1285 854 1365 uiam
885 1323 997 1384 repens
1028 1301 1125 1364 ululat
1155 1301 1341 1384 laurumque
1364 1303 1492 1366 linteatus

242 1425 265 1464 1⁰
279 1431 378 1472 senex
402 1419 434 1472 et
458 1410 564 1473 medio
587 1409 746 1472 lucernam
771 1411 822 1472 die
846 1408 1025 1491 praeferens
1049 1408 1226 1472 conclamat
1241 1411 1355 1472 iratum
1371 1409 1492 1492 aliquem

281 1519 423 1592 deorum,
448 1517 628 1578 concurritis
644 1523 676 1578 et
692 1518 804 1579 auditis
821 1527 852 1579 et
869 1517 1007 1579 diuinum
1024 1537 1092 1580 esse
1108 1538 1190 1593 eum,
1214 1518 1348 1580 inuicem
1364 1527 1492 1580 mutuum
1578 1529 1579 1532 ’

279 1623 397 1686 alentes
421 1632 594 1706 stuporem,
619 1623 801 1688 adfirmatis,

368 1730 502 1792 XXVII.
542 1731 627 1796 Ecce
643 1729 791 1794 Socrates
812 1751 854 1792 ex
870 1729 923 1792 illo
939 1751 1072 1806 carcere,
1089 1753 1184 1812 quem
1201 1717 1348 1794 intrando
1363 1733 1493 1814 purgauit
1511 1743 1516 1792 1

280 1839 429 1920 omnique
459 1836 675 1900 honestiorem
705 1838 789 1900 curia
811 1839 966 1914 reddidit,
998 1837 1193 1921 proclamat:
1228 1839 1297 1921 quis
1320 1841 1378 1902 iste
1401 1838 1492 1902 furor?

241 1965 265 2003 15
279 1967 361 2027 quae
385 1947 444 2008 ista
466 1945 590 2009 inimica
613 1946 660 2008 dis
684 1944 928 2026 hominibusque
950 1954 1062 2011 natura
1085 1955 1132 2008 est
1156 1943 1307 2008 infamare
1331 1948 1454 2009 uirtutes
1468 1955 1494 2008 et
1578 1987 1579 1990 =

280 2053 423 2135 malignis
447 2053 645 2115 sermonibus
669 2061 778 2116 sancta
801 2052 938 2116 uiolare?
970 2053 995 2115 si
1018 2053 1159 2135 potestis
1184 2053 1288 2116 bonos
1311 2053 1450 2116 laudate:
1473 2054 1494 2113 si

279 2161 398 2235 minuS,
429 2160 567 2223 transite.
613 2161 701 2241 quod
732 2161 757 2222 si
785 2161 876 2222 uobis
905 2179 1054 2222 exercere
1076 2168 1211 2223 taetram
1236 2161 1328 2222 istam
1352 2160 1492 2223 licentiam

279 2267 399 2348 placet,
423 2267 502 2354 alter
525 2268 556 2328 in
579 2264 711 2330 alterum
735 2267 921 2330 incursitate.
968 2287 1042 2328 nam
1067 2263 1146 2329 cum*
1163 2268 1193 2328 in
1217 2266 1339 2330 caelum
1363 2267 1493 2340 insanitis

209 2389 212 2398 ·
279 2395 343 2435 non
374 2376 446 2437 dico
477 2374 673 2455 sacrilegium
705 2373 819 2449 facitis,
850 2375 908 2436 sed
938 2395 1070 2455 operam
1101 2375 1238 2457 perditis.
1284 2374 1413 2456 praebui
1443 2381 1520 2454 egoi

239 2499 266 2538 2⁰
280 2480 449 2563 aliquando
481 2479 688 2560 Aristophani
726 2480 892 2542 materiam
929 2480 1080 2542 iocorum.
1136 2489 1206 2543 tota
1236 2479 1287 2543 illa
1318 2482 1496 2542 comicorum
1578 2523 1579 2529 κ

280 2595 447 2669 poetarum
472 2608 583 2649 manus
607 2588 637 2648 in
661 2607 713 2648 me
736 2597 910 2649 uenenatos
933 2587 1014 2650 sales
1035 2606 1109 2650 suos
1131 2587 1258 2649 effudit:
1285 2587 1445 2650 inlustrata
1458 2595 1497 2649 est
1578 2603 1579 2606 ’

281 2695 375 2758 uirtus
400 2716 472 2757 mea
493 2715 550 2777 per
574 2715 613 2756 ea
635 2695 714 2776 ipsa,
742 2715 799 2775 per
823 2714 904 2774 quae
926 2694 1101 2775 petebatur.
1151 2695 1283 2775 produci
1308 2698 1391 2757 enim
1415 2695 1452 2756 illi
1472 2703 1497 2754 et

190 2832 195 2842 ·
279 2803 428 2884 temptari
451 2803 591 2885 expedit,
616 2823 674 2863 nec
697 2799 749 2862 ulli
773 2801 873 2882 magis
896 2801 1094 2882 intellegunt,
1118 2811 1237 2882 quanta
1259 2803 1315 2875 sit,
1340 2821 1433 2882 quam
1454 2800 1498 2881 qui
1578 2847 1579 2850 ,

280 2910 360 2971 uires
393 2909 458 2971 eius
489 2909 675 2971 lacessendo
706 2919 876 2970 senserunt.
924 2908 1036 2970 duritia
1064 2907 1154 2969 silicis
1178 2907 1267 2970 nullis
1291 2909 1392 2989 magis
1414 2927 1496 2989 quam
1522 2971 1528 2988 Ι
1578 2924 1579 2958 1

240 3030 266 3071 25
281 3015 461 3079 ferientibus
483 3026 562 3079 nota
584 3026 632 3078 est
680 3014 820 3096 praebeo
844 3035 896 3076 me
919 3035 983 3076 non
1006 3015 1096 3076 aliter
1118 3035 1213 3096 quam
1238 3035 1332 3096 rupes
1356 3013 1454 3096 aliqua
1473 3015 1523 3074 ini
1578 3046 1579 3049 κ

281 3124 402 3184 uadoso
434 3125 511 3185 mari
543 3124 708 3195 destituta,
740 3142 836 3202 quam
868 3121 979 3183 fluctus
1008 3142 1072 3183 non
1097 3123 1260 3196 desinunt,
1292 3121 1497 3202 undecumque

281 3229 359 3292 moti
388 3238 476 3304 sunt,
500 3230 666 3292 uerberare
682 3249 755 3290 nec
786 3230 859 3291 ideo
883 3237 936 3290 aut
959 3227 1031 3290 loco
1055 3249 1126 3290 eam
1151 3237 1290 3312 mouent,
1306 3237 1360 3290 aut
1383 3249 1437 3310 per
1457 3235 1497 3290 tot

280 3343 400 3398 aetates
431 3337 543 3399 crebro
576 3337 698 3398 incursu
728 3355 788 3399 suo
819 3344 1016 3397 consumunt.
1062 3334 1201 3410 adsilite,
1238 3334 1331 3397 facite
1362 3338 1497 3417 inpetum.

281 3441 412 3504 ferendo
444 3463 502 3504 uos
534 3443 666 3505 uincam.
713 3443 743 3504 in
774 3463 827 3518 ea,
858 3429 940 3523 quae
971 3439 1062 3504 firma
1093 3450 1124 3503 et
1155 3441 1404 3522 inexuperabilia
1428 3448 1496 3512 sunt,

281 3617 297 3670 2
317 3635 388 3668 sacra
406 3619 538 3668 litterarum
558 3617 618 3673 cod.
632 3635 757 3668 sacrarum
770 3619 904 3668 litterarum
918 3616 1004 3688 Neap.
1018 3617 1093 3687 quod
1105 3634 1155 3672 cur
1170 3615 1276 3672 Seneca
1290 3615 1325 3670 de
1333 3613 1495 3688 philosophia

199 3715 202 3722 ’
281 3707 370 3760 minus
395 3712 469 3760 recte
494 3705 584 3762 dicere
605 3707 742 3777 potuerit,
768 3724 849 3778 quam
869 3705 903 3760 de
923 3706 1065 3762 tremuit.
1090 3711 1159 3776 14,1
1183 3709 1219 3756 illi
1238 3708 1368 3758 clarissimi
1387 3722 1496 3758 sacrum

105 3820 109 3827 «
184 3843 191 3858 Χ
262 3797 426 3860 'opinionum
446 3797 595 3860 conditoreS,
609 3812 713 3866 parum
732 3794 828 3854 uideot
849 3813 974 3846 sacrarum
993 3798 1096 3848 ullarum
1115 3791 1231 3866 Madm'q
1341 3799 1390 3847 hoc
1409 3797 1496 3846 uerbum

282 3884 351 3942 det:
372 3887 429 3935 huic
449 3887 527 3935 uerhu
619 3885 634 3937 3
654 3886 758 3949 imperat
779 3882 878 3938 Gertz:
900 3887 1034 3950 imperatur
1124 3883 1139 3936 5
1160 3886 1251 3950 aliquid
1272 3884 1300 3951 (d
1321 3887 1404 3952 corr.)

282 3973 458 4039 ficompressa
549 3969 705 4023 &humeros
726 3973 821 4039 (corr.)
912 3972 1015 4037 9puir
1113 3973 1262 4040 laurumq;u
1330 3975 1391 4026 ·ii
1417 3977 1496 4024 mulum

213 4103 216 4110 .
285 4060 374 4130 Gertz,
394 4057 469 4131 quod
487 4077 581 4114 uerum
600 4076 653 4112 non
668 4067 738 4128 puto
830 4063 860 4115 12
880 4063 1007 4112 affirmatis
1028 4062 1121 4131 (prior
1138 4063 1150 4110 f
1165 4063 1250 4129 corr.)
1345 4063 1376 4115 ii
1394 4064 1444 4128 quis
1461 4063 1497 4109 iste

283 4149 379 4220 uulqo:
400 4153 440 4215 qui
459 4152 504 4200 iste
523 4151 542 4218 (i
561 4152 606 4200 iste
625 4150 708 4215 corr.)
801 4151 832 4203 15
852 4153 1045 4216 hominibusque
1154 4153 1275 4202 infamare
1294 4155 1390 4203 uirtutes
1408 4147 1495 4220 (omnia

284 4240 311 4292 fn
330 4239 399 4308 ras.)
492 4238 523 4291 19
548 4256 625 4303 opam
646 4238 683 4305 (fn
702 4239 768 4305 ras.)
858 4242 943 4304 prebui
1034 4240 1066 4291 21
1087 4241 1204 4290 illustrata
1297 4241 1330 4294 22
1348 4258 1412 4308 pque

284 4327 318 4380 25
338 4329 434 4393 prebeo·
520 4329 545 4377 in
563 4327 668 4395 uadoso]
688 4326 776 4398 Lipsr'r'
793 4330 817 4376 in
837 4331 931 4378 undoso
950 4329 1136 4383 necessarium
1155 4343 1208 4384 non
1228 4345 1288 4385 esse
1306 4329 1413 4386 uidetur

285 4416 319 4469 26
339 4419 511 4482 undecumque
601 4415 635 4470 28
655 4419 745 4466 assilite
765 4416 854 4486 (prior
872 4435 883 4467 s
902 4417 986 4484 corr.)
1048 4411 1171 4484 ¹impetit
