<?xml version="1.0" encoding="UTF-8"?>
<!DOCTYPE html PUBLIC "-//W3C//DTD XHTML 1.0 Transitional//EN"
    "http://www.w3.org/TR/xhtml1/DTD/xhtml1-transitional.dtd">
<html xmlns="http://www.w3.org/1999/xhtml" xml:lang="en" lang="en">
 <head>
  <title>
</title>
<meta http-equiv="Content-Type" content="text/html;charset=utf-8" />
  <meta name='ocr-system' content='tesseract 3.04.00' />
  <meta name='ocr-capabilities' content='ocr_page ocr_carea ocr_par ocr_line ocrx_word'/>
</head>
<body>
  <div class='ocr_page' id='page_1' title='image "./lannaeisenecaed01vahlgoog_0015.png"; bbox 0 0 3234 5336; ppageno 0'>
   <div class='ocr_carea' id='block_1_1' title="bbox 274 375 1135 436">
    <p class='ocr_par' dir='ltr' id='par_1_1' title="bbox 274 375 1135 436">
     <span class='ocr_line' id='line_1_1' title="bbox 274 375 1135 436; baseline 0.008 -20"><span class='ocrx_word' id='word_1_1' title='bbox 274 375 328 417; x_wconf 85' lang='lat' dir='ltr'>VIII</span> <span class='ocrx_word' id='word_1_2' title='bbox 646 377 815 420; x_wconf 75' lang='lat' dir='ltr'>PRAEFATIO</span> <span class='ocrx_word' id='word_1_3' title='bbox 830 378 978 436; x_wconf 72' lang='lat' dir='ltr'>tounuuts</span> <span class='ocrx_word' id='word_1_4' title='bbox 993 379 1135 423; x_wconf 83' lang='lat' dir='ltr'>VAIILENI.</span> 
     </span>
    </p>
   </div>
   <div class='ocr_carea' id='block_1_2' title="bbox 270 507 1603 1643">
    <p class='ocr_par' dir='ltr' id='par_1_2' title="bbox 270 507 1603 1643">
     <span class='ocr_line' id='line_1_2' title="bbox 272 507 1601 610; baseline 0.007 -25"><span class='ocrx_word' id='word_1_5' title='bbox 272 521 387 604; x_wconf 86' lang='lat' dir='ltr'>opinor</span> <span class='ocrx_word' id='word_1_6' title='bbox 406 523 510 603; x_wconf 88' lang='lat' dir='ltr'>specie</span> <span class='ocrx_word' id='word_1_7' title='bbox 534 507 647 585; x_wconf 79' lang='lat' dir='ltr'>voce&#39;m</span> <span class='ocrx_word' id='word_1_8' title='bbox 671 521 787 604; x_wconf 86' lang='lat' dir='ltr'>ludere,</span> <span class='ocrx_word' id='word_1_9' title='bbox 811 523 967 586; x_wconf 89' lang='lat' dir='ltr'>Senecam</span> <span class='ocrx_word' id='word_1_10' title='bbox 991 535 1107 602; x_wconf 89' lang='lat' dir='ltr'>autem,</span> <span class='ocrx_word' id='word_1_11' title='bbox 1132 534 1166 588; x_wconf 90' lang='lat' dir='ltr'>ut</span> <span class='ocrx_word' id='word_1_12' title='bbox 1190 530 1388 608; x_wconf 87' lang='lat' dir='ltr'>comparatio</span> <span class='ocrx_word' id='word_1_13' title='bbox 1404 547 1496 610; x_wconf 91' lang='lat' dir='ltr'>quam</span> <span class='ocrx_word' id='word_1_14' title='bbox 1600 591 1601 594; x_wconf 74' lang='grc'><strong>,</strong></span> 
     </span>
     <span class='ocr_line' id='line_1_3' title="bbox 272 637 1499 723; baseline 0.005 -23"><span class='ocrx_word' id='word_1_15' title='bbox 272 639 403 702; x_wconf 91' lang='lat' dir='ltr'>instituit</span> <span class='ocrx_word' id='word_1_16' title='bbox 426 659 497 700; x_wconf 92' lang='lat' dir='ltr'>cum</span> <span class='ocrx_word' id='word_1_17' title='bbox 522 638 625 712; x_wconf 70' lang='lat' dir='ltr'>armis</span> <span class='ocrx_word' id='word_1_18' title='bbox 650 659 720 701; x_wconf 90' lang='lat' dir='ltr'>cum</span> <span class='ocrx_word' id='word_1_19' title='bbox 745 637 850 720; x_wconf 86' lang='lat' dir='ltr'>gladio</span> <span class='ocrx_word' id='word_1_20' title='bbox 874 650 1041 717; x_wconf 91' lang='lat' dir='ltr'>constaret,</span> <span class='ocrx_word' id='word_1_21' title='bbox 1064 643 1240 723; x_wconf 87' lang='lat' dir='ltr'>scripsisse:</span> <span class='ocrx_word' id='word_1_22' title='bbox 1265 661 1326 704; x_wconf 88' lang='lat' dir='ltr'>non</span> <span class='ocrx_word' id='word_1_23' title='bbox 1348 646 1499 706; x_wconf 77' lang='lat' dir='ltr'>vitabimus</span> 
     </span>
     <span class='ocr_line' id='line_1_4' title="bbox 272 747 1497 832; baseline 0.002 -17"><span class='ocrx_word' id='word_1_24' title='bbox 272 747 395 832; x_wconf 83' lang='lat' dir='ltr'>impetus</span> <span class='ocrx_word' id='word_1_25' title='bbox 426 758 514 816; x_wconf 88' lang='lat' dir='ltr'>animi</span> <span class='ocrx_word' id='word_1_26' title='bbox 537 758 590 816; x_wconf 86' lang='lat' dir='ltr'>bos</span> <span class='ocrx_word' id='word_1_27' title='bbox 612 773 720 832; x_wconf 83' lang='lat' dir='ltr'>qraves</span> <span class='ocrx_word' id='word_1_28' title='bbox 744 764 771 816; x_wconf 89' lang='lat' dir='ltr'>et</span> <span class='ocrx_word' id='word_1_29' title='bbox 794 773 934 818; x_wconf 75' lang='lat' dir='ltr'>annosos</span> <span class='ocrx_word' id='word_1_30' title='bbox 957 768 984 817; x_wconf 88' lang='lat' dir='ltr'>et</span> <span class='ocrx_word' id='word_1_31' title='bbox 1007 760 1223 820; x_wconf 86' lang='lat' dir='ltr'>irrevocabiles.</span> <span class='ocrx_word' id='word_1_32' title='bbox 1269 757 1322 820; x_wconf 88' lang='lat' dir='ltr'>Sic</span> <span class='ocrx_word' id='word_1_33' title='bbox 1345 777 1497 822; x_wconf 80' lang='lat' dir='ltr'>onerosam</span> 
     </span>
     <span class='ocr_line' id='line_1_5' title="bbox 272 869 1498 951; baseline 0.003 -21"><span class='ocrx_word' id='word_1_34' title='bbox 272 888 451 948; x_wconf 88' lang='lat' dir='ltr'>qrauemque</span> <span class='ocrx_word' id='word_1_35' title='bbox 473 875 587 932; x_wconf 81' lang='lat' dir='ltr'>bartam</span> <span class='ocrx_word' id='word_1_36' title='bbox 618 869 757 951; x_wconf 88' lang='lat' dir='ltr'>appellat</span> <span class='ocrx_word' id='word_1_37' title='bbox 788 869 921 933; x_wconf 91' lang='lat' dir='ltr'>Ovidius</span> <span class='ocrx_word' id='word_1_38' title='bbox 952 871 1080 933; x_wconf 89' lang='lat' dir='ltr'>Metam.</span> <span class='ocrx_word' id='word_1_39' title='bbox 1116 875 1172 948; x_wconf 86' lang='lat'>13,</span> <span class='ocrx_word' id='word_1_40' title='bbox 1206 874 1276 936; x_wconf 90' lang='lat' dir='ltr'>lu8.</span> <span class='ocrx_word' id='word_1_41' title='bbox 1336 873 1439 936; x_wconf 91' lang='lat' dir='ltr'>Addo</span> <span class='ocrx_word' id='word_1_42' title='bbox 1469 875 1498 935; x_wconf 89' lang='lat' dir='ltr'>in</span> 
     </span>
     <span class='ocr_line' id='line_1_6' title="bbox 272 985 1498 1070; baseline 0.004 -24"><span class='ocrx_word' id='word_1_43' title='bbox 272 993 458 1059; x_wconf 90' lang='lat' dir='ltr'>transcursu,</span> <span class='ocrx_word' id='word_1_44' title='bbox 483 985 642 1048; x_wconf 91' lang='lat' dir='ltr'>Kochium</span> <span class='ocrx_word' id='word_1_45' title='bbox 665 986 764 1047; x_wconf 88' lang='lat' dir='ltr'>videri</span> <span class='ocrx_word' id='word_1_46' title='bbox 788 985 862 1047; x_wconf 92' lang='lat' dir='ltr'>mihi</span> <span class='ocrx_word' id='word_1_47' title='bbox 885 988 1047 1066; x_wconf 84' lang='lat' dir='ltr'>superiora</span> <span class='ocrx_word' id='word_1_48' title='bbox 1069 1007 1197 1068; x_wconf 91' lang='lat' dir='ltr'>quoque</span> <span class='ocrx_word' id='word_1_49' title='bbox 1220 996 1253 1049; x_wconf 95' lang='lat' dir='ltr'>et</span> <span class='ocrx_word' id='word_1_50' title='bbox 1267 1009 1348 1070; x_wconf 91' lang='lat' dir='ltr'>quae</span> <span class='ocrx_word' id='word_1_51' title='bbox 1364 1010 1437 1051; x_wconf 93' lang='lat' dir='ltr'>cum</span> <span class='ocrx_word' id='word_1_52' title='bbox 1454 989 1498 1051; x_wconf 90' lang='lat' dir='ltr'>his</span> 
     </span>
     <span class='ocr_line' id='line_1_7' title="bbox 274 1101 1494 1182; baseline 0.004 -21"><span class='ocrx_word' id='word_1_53' title='bbox 274 1101 445 1162; x_wconf 86' lang='lat' dir='ltr'>cohaerent</span> <span class='ocrx_word' id='word_1_54' title='bbox 467 1122 497 1182; x_wconf 91' lang='lat' dir='ltr'>p.</span> <span class='ocrx_word' id='word_1_55' title='bbox 523 1103 581 1181; x_wconf 78' lang='grc'>82,</span> <span class='ocrx_word' id='word_1_56' title='bbox 607 1103 624 1162; x_wconf 88' lang='grc'>3</span> <span class='ocrx_word' id='word_1_57' title='bbox 650 1101 824 1182; x_wconf 86' lang='lat' dir='ltr'>corrupisse</span> <span class='ocrx_word' id='word_1_58' title='bbox 848 1101 948 1182; x_wconf 85' lang='lat' dir='ltr'>magis</span> <span class='ocrx_word' id='word_1_59' title='bbox 971 1121 1067 1182; x_wconf 93' lang='lat' dir='ltr'>quam</span> <span class='ocrx_word' id='word_1_60' title='bbox 1092 1101 1285 1166; x_wconf 89' lang='lat' dir='ltr'>emaculasse</span> <span class='ocrx_word' id='word_1_61' title='bbox 1308 1104 1494 1166; x_wconf 88' lang='lat' dir='ltr'>scribendo:</span> 
     </span>
     <span class='ocr_line' id='line_1_8' title="bbox 272 1218 1499 1294; baseline 0.006 -18"><span class='ocrx_word' id='word_1_62' title='bbox 272 1219 427 1278; x_wconf 79' lang='lat' dir='ltr'>Irascetur</span> <span class='ocrx_word' id='word_1_63' title='bbox 456 1221 581 1294; x_wconf 85' lang='lat' dir='ltr'>aliquis:</span> <span class='ocrx_word' id='word_1_64' title='bbox 611 1230 642 1276; x_wconf 88' lang='lat' dir='ltr'>tu</span> <span class='ocrx_word' id='word_1_65' title='bbox 674 1227 780 1278; x_wconf 90' lang='lat' dir='ltr'>cantra</span> <span class='ocrx_word' id='word_1_66' title='bbox 812 1218 960 1292; x_wconf 80' lang='lat' dir='ltr'>beneficiis</span> <span class='ocrx_word' id='word_1_67' title='bbox 981 1236 1123 1294; x_wconf 85' lang='lat' dir='ltr'>prouoco.</span> <span class='ocrx_word' id='word_1_68' title='bbox 1147 1223 1228 1280; x_wconf 84' lang='lat' dir='ltr'>cadit</span> <span class='ocrx_word' id='word_1_69' title='bbox 1250 1223 1347 1281; x_wconf 89' lang='lat' dir='ltr'>statim</span> <span class='ocrx_word' id='word_1_70' title='bbox 1368 1223 1499 1282; x_wconf 72' lang='lat' dir='ltr'>neumas</span> 
     </span>
     <span class='ocr_line' id='line_1_9' title="bbox 273 1314 1603 1412; baseline 0.004 -21"><span class='ocrx_word' id='word_1_71' title='bbox 273 1334 311 1392; x_wconf 85' lang='lat' dir='ltr'>ab</span> <span class='ocrx_word' id='word_1_72' title='bbox 342 1335 438 1393; x_wconf 88' lang='lat' dir='ltr'>altera</span> <span class='ocrx_word' id='word_1_73' title='bbox 461 1342 554 1409; x_wconf 78' lang='lat' dir='ltr'>parte</span> <span class='ocrx_word' id='word_1_74' title='bbox 577 1337 703 1394; x_wconf 81' lang='lat' dir='ltr'>deserta.</span> <span class='ocrx_word' id='word_1_75' title='bbox 734 1335 790 1393; x_wconf 85' lang='lat' dir='ltr'>nisi</span> <span class='ocrx_word' id='word_1_76' title='bbox 814 1337 908 1409; x_wconf 81' lang='lat' dir='ltr'>parta</span> <span class='ocrx_word' id='word_1_77' title='bbox 939 1352 997 1393; x_wconf 89' lang='lat' dir='ltr'>nan</span> <span class='ocrx_word' id='word_1_78' title='bbox 1023 1343 1163 1409; x_wconf 82' lang='lat' dir='ltr'>puqnant</span> <span class='ocrx_word' id='word_1_79' title='bbox 1198 1339 1224 1395; x_wconf 85' lang='lat' dir='ltr'>si</span> <span class='ocrx_word' id='word_1_80' title='bbox 1250 1339 1396 1412; x_wconf 77' lang='lat' dir='ltr'>utrimque</span> <span class='ocrx_word' id='word_1_81' title='bbox 1418 1344 1498 1396; x_wconf 87' lang='lat' dir='ltr'>certa</span> <span class='ocrx_word' id='word_1_82' title='bbox 1602 1314 1603 1331; x_wconf 12' lang='grc' dir='ltr'><strong>Χ</strong></span> 
     </span>
     <span class='ocr_line' id='line_1_10' title="bbox 270 1451 1499 1529; baseline 0.002 -21"><span class='ocrx_word' id='word_1_83' title='bbox 270 1451 394 1509; x_wconf 85' lang='lat' dir='ltr'>uictoria</span> <span class='ocrx_word' id='word_1_84' title='bbox 417 1451 625 1508; x_wconf 81' lang='lat' dir='ltr'>concurritur:</span> <span class='ocrx_word' id='word_1_85' title='bbox 648 1453 697 1508; x_wconf 87' lang='lat' dir='ltr'>itte</span> <span class='ocrx_word' id='word_1_86' title='bbox 720 1459 761 1508; x_wconf 88' lang='lat' dir='ltr'>est</span> <span class='ocrx_word' id='word_1_87' title='bbox 784 1452 886 1524; x_wconf 82' lang='lat' dir='ltr'>meliqr</span> <span class='ocrx_word' id='word_1_88' title='bbox 908 1452 958 1525; x_wconf 85' lang='lat' dir='ltr'>qut</span> <span class='ocrx_word' id='word_1_89' title='bbox 973 1451 1063 1525; x_wconf 78' lang='lat' dir='ltr'>prior</span> <span class='ocrx_word' id='word_1_90' title='bbox 1080 1453 1188 1524; x_wconf 82' lang='lat' dir='ltr'>pedem</span> <span class='ocrx_word' id='word_1_91' title='bbox 1211 1454 1328 1529; x_wconf 75' lang='lat' dir='ltr'>retulit,</span> <span class='ocrx_word' id='word_1_92' title='bbox 1351 1455 1444 1512; x_wconf 84' lang='lat' dir='ltr'>uictus</span> <span class='ocrx_word' id='word_1_93' title='bbox 1460 1459 1499 1512; x_wconf 89' lang='lat' dir='ltr'>est</span> 
     </span>
     <span class='ocr_line' id='line_1_11' title="bbox 272 1562 1499 1643; baseline 0.002 -20"><span class='ocrx_word' id='word_1_94' title='bbox 272 1568 323 1640; x_wconf 90' lang='lat' dir='ltr'>qui</span> <span class='ocrx_word' id='word_1_95' title='bbox 351 1567 426 1623; x_wconf 88' lang='lat' dir='ltr'>uicit.</span> <span class='ocrx_word' id='word_1_96' title='bbox 472 1562 556 1624; x_wconf 86' lang='lat' dir='ltr'>Nam</span> <span class='ocrx_word' id='word_1_97' title='bbox 587 1583 627 1624; x_wconf 88' lang='lat' dir='ltr'>ne</span> <span class='ocrx_word' id='word_1_98' title='bbox 656 1563 759 1624; x_wconf 90' lang='lat' dir='ltr'>dicam</span> <span class='ocrx_word' id='word_1_99' title='bbox 782 1564 923 1643; x_wconf 90' lang='lat' dir='ltr'>ineptum</span> <span class='ocrx_word' id='word_1_100' title='bbox 948 1583 1018 1624; x_wconf 90' lang='lat' dir='ltr'>esse</span> <span class='ocrx_word' id='word_1_101' title='bbox 1040 1573 1123 1626; x_wconf 88' lang='lat' dir='ltr'>certa</span> <span class='ocrx_word' id='word_1_102' title='bbox 1146 1568 1286 1638; x_wconf 81' lang='lat' dir='ltr'>uictoria,</span> <span class='ocrx_word' id='word_1_103' title='bbox 1317 1584 1430 1626; x_wconf 91' lang='lat' dir='ltr'>verum</span> <span class='ocrx_word' id='word_1_104' title='bbox 1453 1574 1499 1627; x_wconf 89' lang='lat' dir='ltr'>est</span> 
     </span>
    </p>
   </div>
   <div class='ocr_carea' id='block_1_3' title="bbox 271 1677 1604 1759">
    <p class='ocr_par' dir='ltr' id='par_1_3' title="bbox 271 1677 1604 1759">
     <span class='ocr_line' id='line_1_12' title="bbox 271 1677 1604 1759; baseline 0.003 -20"><span class='ocrx_word' id='word_1_105' title='bbox 271 1680 359 1759; x_wconf 92' lang='lat' dir='ltr'>quod</span> <span class='ocrx_word' id='word_1_106' title='bbox 382 1679 411 1740; x_wconf 93' lang='lat' dir='ltr'>in</span> <span class='ocrx_word' id='word_1_107' title='bbox 436 1679 546 1740; x_wconf 89' lang='lat' dir='ltr'>codice</span> <span class='ocrx_word' id='word_1_108' title='bbox 569 1677 699 1758; x_wconf 85' lang='lat' dir='ltr'>legitur:</span> <span class='ocrx_word' id='word_1_109' title='bbox 734 1683 796 1740; x_wconf 85' lang='lat' dir='ltr'>Sed</span> <span class='ocrx_word' id='word_1_110' title='bbox 816 1682 961 1755; x_wconf 81' lang='lat' dir='ltr'>utrimque</span> <span class='ocrx_word' id='word_1_111' title='bbox 983 1681 1108 1740; x_wconf 88' lang='lat' dir='ltr'>certabit</span> <span class='ocrx_word' id='word_1_112' title='bbox 1129 1684 1193 1753; x_wconf 87' lang='lat' dir='ltr'>ira,</span> <span class='ocrx_word' id='word_1_113' title='bbox 1216 1685 1420 1754; x_wconf 70' lang='lat' dir='ltr'>concurritur,</span> <span class='ocrx_word' id='word_1_114' title='bbox 1445 1681 1499 1743; x_wconf 89' lang='lat' dir='ltr'>nisi</span> <span class='ocrx_word' id='word_1_115' title='bbox 1603 1727 1604 1742; x_wconf 47' lang='lat'>2</span> 
     </span>
    </p>
   </div>
   <div class='ocr_carea' id='block_1_4' title="bbox 271 1792 1501 2804">
    <p class='ocr_par' dir='ltr' id='par_1_4' title="bbox 271 1792 1501 2664">
     <span class='ocr_line' id='line_1_13' title="bbox 271 1792 1499 1878; baseline 0.003 -24"><span class='ocrx_word' id='word_1_116' title='bbox 271 1795 359 1875; x_wconf 88' lang='lat' dir='ltr'>quod</span> <span class='ocrx_word' id='word_1_117' title='bbox 391 1797 516 1856; x_wconf 77' lang='lat' dir='ltr'>certabit</span> <span class='ocrx_word' id='word_1_118' title='bbox 545 1792 606 1854; x_wconf 93' lang='lat' dir='ltr'>levi</span> <span class='ocrx_word' id='word_1_119' title='bbox 636 1813 742 1855; x_wconf 90' lang='lat' dir='ltr'>errore</span> <span class='ocrx_word' id='word_1_120' title='bbox 769 1802 801 1854; x_wconf 90' lang='lat' dir='ltr'>et</span> <span class='ocrx_word' id='word_1_121' title='bbox 824 1793 898 1855; x_wconf 91' lang='lat' dir='ltr'>olim</span> <span class='ocrx_word' id='word_1_122' title='bbox 923 1803 1068 1856; x_wconf 90' lang='lat' dir='ltr'>correcto</span> <span class='ocrx_word' id='word_1_123' title='bbox 1091 1805 1258 1858; x_wconf 89' lang='lat' dir='ltr'>exaratum</span> <span class='ocrx_word' id='word_1_124' title='bbox 1283 1805 1331 1858; x_wconf 89' lang='lat' dir='ltr'>est</span> <span class='ocrx_word' id='word_1_125' title='bbox 1353 1816 1413 1878; x_wconf 95' lang='lat' dir='ltr'>pro</span> <span class='ocrx_word' id='word_1_126' title='bbox 1438 1814 1499 1858; x_wconf 90' lang='lat' dir='ltr'>cer·</span> 
     </span>
     <span class='ocr_line' id='line_1_14' title="bbox 271 1908 1499 1990; baseline 0.003 -22"><span class='ocrx_word' id='word_1_127' title='bbox 271 1911 389 1972; x_wconf 80' lang='lat' dir='ltr'>rabitur.</span> <span class='ocrx_word' id='word_1_128' title='bbox 436 1909 563 1970; x_wconf 89' lang='lat' dir='ltr'>Etenim</span> <span class='ocrx_word' id='word_1_129' title='bbox 594 1918 669 1990; x_wconf 91' lang='lat' dir='ltr'>post</span> <span class='ocrx_word' id='word_1_130' title='bbox 700 1908 750 1970; x_wconf 93' lang='lat' dir='ltr'>illa</span> <span class='ocrx_word' id='word_1_131' title='bbox 781 1913 934 1970; x_wconf 77' lang='lat' dir='ltr'>Irascetur</span> <span class='ocrx_word' id='word_1_132' title='bbox 964 1914 1090 1986; x_wconf 86' lang='lat' dir='ltr'>uliquis:</span> <span class='ocrx_word' id='word_1_133' title='bbox 1121 1922 1152 1973; x_wconf 92' lang='lat' dir='ltr'>tu</span> <span class='ocrx_word' id='word_1_134' title='bbox 1182 1913 1330 1985; x_wconf 68' lang='lat' dir='ltr'>beneficiis</span> <span class='ocrx_word' id='word_1_135' title='bbox 1354 1929 1499 1988; x_wconf 80' lang='lat' dir='ltr'>provoca,</span> 
     </span>
     <span class='ocr_line' id='line_1_15' title="bbox 271 2023 1499 2107; baseline 0.002 -22"><span class='ocrx_word' id='word_1_136' title='bbox 271 2026 350 2085; x_wconf 89' lang='lat' dir='ltr'>haec</span> <span class='ocrx_word' id='word_1_137' title='bbox 373 2023 471 2085; x_wconf 89' lang='lat' dir='ltr'>altera</span> <span class='ocrx_word' id='word_1_138' title='bbox 492 2025 652 2085; x_wconf 89' lang='lat' dir='ltr'>subiicitur</span> <span class='ocrx_word' id='word_1_139' title='bbox 675 2025 818 2086; x_wconf 91' lang='lat' dir='ltr'>condicio</span> <span class='ocrx_word' id='word_1_140' title='bbox 843 2028 906 2087; x_wconf 86' lang='lat' dir='ltr'>Sed</span> <span class='ocrx_word' id='word_1_141' title='bbox 925 2030 1071 2103; x_wconf 82' lang='lat' dir='ltr'>utrimque</span> <span class='ocrx_word' id='word_1_142' title='bbox 1092 2029 1254 2089; x_wconf 81' lang='lat' dir='ltr'>certabitur</span> <span class='ocrx_word' id='word_1_143' title='bbox 1276 2029 1339 2100; x_wconf 84' lang='lat' dir='ltr'>ira,</span> <span class='ocrx_word' id='word_1_144' title='bbox 1367 2034 1402 2086; x_wconf 88' lang='lat' dir='ltr'>et</span> <span class='ocrx_word' id='word_1_145' title='bbox 1425 2027 1499 2107; x_wconf 90' lang='lat' dir='ltr'>quid</span> 
     </span>
     <span class='ocr_line' id='line_1_16' title="bbox 271 2138 1500 2220; baseline 0.003 -20"><span class='ocrx_word' id='word_1_146' title='bbox 271 2159 309 2200; x_wconf 90' lang='lat' dir='ltr'>ea</span> <span class='ocrx_word' id='word_1_147' title='bbox 339 2139 531 2202; x_wconf 86' lang='lat' dir='ltr'>obveniente</span> <span class='ocrx_word' id='word_1_148' title='bbox 554 2138 713 2220; x_wconf 86' lang='lat' dir='ltr'>agendum</span> <span class='ocrx_word' id='word_1_149' title='bbox 737 2139 785 2212; x_wconf 91' lang='lat' dir='ltr'>sit,</span> <span class='ocrx_word' id='word_1_150' title='bbox 808 2140 996 2215; x_wconf 86' lang='lat' dir='ltr'>declaratur,</span> <span class='ocrx_word' id='word_1_151' title='bbox 1019 2146 1067 2202; x_wconf 87' lang='lat' dir='ltr'>ille</span> <span class='ocrx_word' id='word_1_152' title='bbox 1093 2145 1197 2202; x_wconf 89' lang='lat' dir='ltr'>melior</span> <span class='ocrx_word' id='word_1_153' title='bbox 1220 2145 1271 2218; x_wconf 90' lang='lat' dir='ltr'>qui</span> <span class='ocrx_word' id='word_1_154' title='bbox 1286 2146 1375 2219; x_wconf 79' lang='lat' dir='ltr'>prior</span> <span class='ocrx_word' id='word_1_155' title='bbox 1393 2145 1500 2219; x_wconf 82' lang='lat' dir='ltr'>pedern</span> 
     </span>
     <span class='ocr_line' id='line_1_17' title="bbox 271 2254 1499 2344; baseline 0.002 -29"><span class='ocrx_word' id='word_1_156' title='bbox 271 2260 396 2317; x_wconf 87' lang='lat' dir='ltr'>rettulit:</span> <span class='ocrx_word' id='word_1_157' title='bbox 420 2262 571 2316; x_wconf 88' lang='lat' dir='ltr'>consueta</span> <span class='ocrx_word' id='word_1_158' title='bbox 594 2255 719 2317; x_wconf 93' lang='lat' dir='ltr'>dicendi</span> <span class='ocrx_word' id='word_1_159' title='bbox 742 2255 843 2317; x_wconf 80' lang='lat' dir='ltr'>forma</span> <span class='ocrx_word' id='word_1_160' title='bbox 859 2275 918 2317; x_wconf 92' lang='lat' dir='ltr'>nec</span> <span class='ocrx_word' id='word_1_161' title='bbox 934 2254 1062 2344; x_wconf 73' lang='lat' dir='ltr'>Graecis</span> <span class='ocrx_word' id='word_1_162' title='bbox 1078 2255 1186 2332; x_wconf 90' lang='lat' dir='ltr'>aliena,</span> <span class='ocrx_word' id='word_1_163' title='bbox 1210 2276 1273 2338; x_wconf 90' lang='lat' dir='ltr'>qua</span> <span class='ocrx_word' id='word_1_164' title='bbox 1288 2254 1412 2319; x_wconf 88' lang='lat' dir='ltr'>Seneca</span> <span class='ocrx_word' id='word_1_165' title='bbox 1429 2276 1499 2317; x_wconf 92' lang='lat' dir='ltr'>cum</span> 
     </span>
     <span class='ocr_line' id='line_1_18' title="bbox 271 2369 1500 2452; baseline 0.001 -21"><span class='ocrx_word' id='word_1_166' title='bbox 271 2370 344 2431; x_wconf 86' lang='lat' dir='ltr'>alibi</span> <span class='ocrx_word' id='word_1_167' title='bbox 367 2391 440 2432; x_wconf 89' lang='lat' dir='ltr'>usus</span> <span class='ocrx_word' id='word_1_168' title='bbox 464 2379 513 2430; x_wconf 88' lang='lat' dir='ltr'>cst</span> <span class='ocrx_word' id='word_1_169' title='bbox 535 2378 603 2431; x_wconf 92' lang='lat' dir='ltr'>tum</span> <span class='ocrx_word' id='word_1_170' title='bbox 628 2371 670 2431; x_wconf 89' lang='lat' dir='ltr'>dc</span> <span class='ocrx_word' id='word_1_171' title='bbox 693 2390 778 2431; x_wconf 91' lang='lat' dir='ltr'>cons.</span> <span class='ocrx_word' id='word_1_172' title='bbox 802 2372 843 2431; x_wconf 89' lang='lat' dir='ltr'>ad</span> <span class='ocrx_word' id='word_1_173' title='bbox 867 2369 1013 2432; x_wconf 88' lang='lat' dir='ltr'>Helviam</span> <span class='ocrx_word' id='word_1_174' title='bbox 1038 2391 1063 2432; x_wconf 92' lang='lat' dir='ltr'>c.</span> <span class='ocrx_word' id='word_1_175' title='bbox 1091 2374 1139 2447; x_wconf 91' lang='lat' dir='ltr'>ll,</span> <span class='ocrx_word' id='word_1_176' title='bbox 1163 2391 1193 2452; x_wconf 92' lang='lat' dir='ltr'>p.</span> <span class='ocrx_word' id='word_1_177' title='bbox 1212 2373 1284 2445; x_wconf 85' lang='grc'>259,</span> <span class='ocrx_word' id='word_1_178' title='bbox 1305 2372 1354 2435; x_wconf 91' lang='grc'>19.</span> <span class='ocrx_word' id='word_1_179' title='bbox 1370 2372 1426 2445; x_wconf 81' lang='grc'>24,</span> <span class='ocrx_word' id='word_1_180' title='bbox 1449 2371 1500 2432; x_wconf 93' lang='lat' dir='ltr'>ubi</span> 
     </span>
     <span class='ocr_line' id='line_1_19' title="bbox 271 2484 1501 2567; baseline 0 -21"><span class='ocrx_word' id='word_1_181' title='bbox 271 2484 414 2547; x_wconf 91' lang='lat' dir='ltr'>Kochius</span> <span class='ocrx_word' id='word_1_182' title='bbox 445 2485 577 2547; x_wconf 90' lang='lat' dir='ltr'>aliorum</span> <span class='ocrx_word' id='word_1_183' title='bbox 608 2484 746 2567; x_wconf 91' lang='lat' dir='ltr'>opinioni</span> <span class='ocrx_word' id='word_1_184' title='bbox 773 2484 979 2566; x_wconf 87' lang='lat' dir='ltr'>adstipulatus</span> <span class='ocrx_word' id='word_1_185' title='bbox 1012 2486 1060 2547; x_wconf 94' lang='lat' dir='ltr'>bis</span> <span class='ocrx_word' id='word_1_186' title='bbox 1083 2485 1158 2547; x_wconf 92' lang='lat' dir='ltr'>illud</span> <span class='ocrx_word' id='word_1_187' title='bbox 1182 2487 1267 2549; x_wconf 93' lang='lat' dir='ltr'>idem</span> <span class='ocrx_word' id='word_1_188' title='bbox 1286 2489 1346 2548; x_wconf 81' lang='lat' dir='ltr'>&#39;scri</span> <span class='ocrx_word' id='word_1_189' title='bbox 1367 2485 1501 2548; x_wconf 90' lang='lat' dir='ltr'>mutavit</span> 
     </span>
     <span class='ocr_line' id='line_1_20' title="bbox 271 2591 552 2664; baseline 0.004 -3"><span class='ocrx_word' id='word_1_190' title='bbox 271 2602 301 2662; x_wconf 91' lang='lat' dir='ltr'>in</span> <span class='ocrx_word' id='word_1_191' title='bbox 325 2606 351 2662; x_wconf 86' lang='lat' dir='ltr'>si</span> <span class='ocrx_word' id='word_1_192' title='bbox 374 2601 489 2664; x_wconf 90' lang='lat' dir='ltr'>iniuria.</span> <span class='ocrx_word' id='word_1_193' title='bbox 546 2591 552 2604; x_wconf 73' lang='grc'><strong>’</strong></span> 
     </span>
    </p>

    <p class='ocr_par' dir='ltr' id='par_1_5' title="bbox 360 2715 1501 2804">
     <span class='ocr_line' id='line_1_21' title="bbox 360 2715 1501 2804; baseline -0.003 -24"><span class='ocrx_word' id='word_1_194' title='bbox 360 2718 410 2780; x_wconf 90' lang='lat' dir='ltr'>De</span> <span class='ocrx_word' id='word_1_195' title='bbox 433 2719 479 2779; x_wconf 89' lang='lat' dir='ltr'>ira</span> <span class='ocrx_word' id='word_1_196' title='bbox 497 2719 539 2804; x_wconf 88' lang='grc' dir='ltr'>Ι3,</span> <span class='ocrx_word' id='word_1_197' title='bbox 564 2716 600 2792; x_wconf 91' lang='grc'>2,</span> <span class='ocrx_word' id='word_1_198' title='bbox 624 2737 654 2797; x_wconf 85' lang='grc' dir='ltr'>ρ.</span> <span class='ocrx_word' id='word_1_199' title='bbox 679 2719 737 2791; x_wconf 86' lang='grc'>86,</span> <span class='ocrx_word' id='word_1_200' title='bbox 763 2715 803 2778; x_wconf 86' lang='grc'>29</span> <span class='ocrx_word' id='word_1_201' title='bbox 835 2720 995 2794; x_wconf 83' lang='lat' dir='ltr'>inpotentia</span> <span class='ocrx_word' id='word_1_202' title='bbox 1029 2718 1105 2794; x_wconf 89' lang='lat' dir='ltr'>[non]</span> <span class='ocrx_word' id='word_1_203' title='bbox 1138 2727 1180 2777; x_wconf 89' lang='lat' dir='ltr'>est</span> <span class='ocrx_word' id='word_1_204' title='bbox 1211 2723 1318 2779; x_wconf 87' lang='lat' dir='ltr'>matum</span> <span class='ocrx_word' id='word_1_205' title='bbox 1342 2719 1501 2794; x_wconf 77' lang='lat' dir='ltr'>pubiicum,</span> 
     </span>
    </p>
   </div>
   <div class='ocr_carea' id='block_1_5' title="bbox 272 2830 1607 2914">
    <p class='ocr_par' dir='ltr' id='par_1_6' title="bbox 272 2830 1607 2914">
     <span class='ocr_line' id='line_1_22' title="bbox 272 2830 1607 2914; baseline -0.004 -18"><span class='ocrx_word' id='word_1_206' title='bbox 272 2834 416 2896; x_wconf 89' lang='lat' dir='ltr'>Auctore</span> <span class='ocrx_word' id='word_1_207' title='bbox 439 2833 603 2914; x_wconf 86' lang='lat' dir='ltr'>Madvigio</span> <span class='ocrx_word' id='word_1_208' title='bbox 626 2831 769 2893; x_wconf 90' lang='lat' dir='ltr'>Kochius</span> <span class='ocrx_word' id='word_1_209' title='bbox 799 2851 858 2893; x_wconf 90' lang='lat' dir='ltr'>non</span> <span class='ocrx_word' id='word_1_210' title='bbox 888 2830 1073 2913; x_wconf 88' lang='lat' dir='ltr'>particulam</span> <span class='ocrx_word' id='word_1_211' title='bbox 1104 2830 1237 2906; x_wconf 88' lang='lat' dir='ltr'>delevit,</span> <span class='ocrx_word' id='word_1_212' title='bbox 1268 2840 1301 2892; x_wconf 88' lang='lat' dir='ltr'>et</span> <span class='ocrx_word' id='word_1_213' title='bbox 1330 2832 1501 2911; x_wconf 86' lang='lat' dir='ltr'>negatione</span> <span class='ocrx_word' id='word_1_214' title='bbox 1606 2863 1607 2872; x_wconf 26' lang='grc' dir='ltr'><strong>κ</strong></span> 
     </span>
    </p>
   </div>
   <div class='ocr_carea' id='block_1_6' title="bbox 271 2945 1502 3144">
    <p class='ocr_par' dir='ltr' id='par_1_7' title="bbox 271 2945 1502 3144">
     <span class='ocr_line' id='line_1_23' title="bbox 271 2945 1501 3032; baseline -0.004 -21"><span class='ocrx_word' id='word_1_215' title='bbox 271 2951 400 3032; x_wconf 88' lang='lat' dir='ltr'>quidem</span> <span class='ocrx_word' id='word_1_216' title='bbox 425 2949 534 3010; x_wconf 88' lang='lat' dir='ltr'>addita</span> <span class='ocrx_word' id='word_1_217' title='bbox 557 2948 745 3030; x_wconf 89' lang='lat' dir='ltr'>pervertitur</span> <span class='ocrx_word' id='word_1_218' title='bbox 768 2948 932 3020; x_wconf 87' lang='lat' dir='ltr'>sententia,</span> <span class='ocrx_word' id='word_1_219' title='bbox 956 2967 1064 3008; x_wconf 91' lang='lat' dir='ltr'>verum</span> <span class='ocrx_word' id='word_1_220' title='bbox 1088 2966 1153 3008; x_wconf 90' lang='lat' dir='ltr'>non</span> <span class='ocrx_word' id='word_1_221' title='bbox 1176 2945 1318 3007; x_wconf 88' lang='lat' dir='ltr'>tollenda</span> <span class='ocrx_word' id='word_1_222' title='bbox 1340 2955 1410 3008; x_wconf 88' lang='lat' dir='ltr'>erat</span> <span class='ocrx_word' id='word_1_223' title='bbox 1436 2966 1501 3008; x_wconf 88' lang='lat' dir='ltr'>vox</span> 
     </span>
     <span class='ocr_line' id='line_1_24' title="bbox 272 3061 1502 3144; baseline -0.004 -18"><span class='ocrx_word' id='word_1_224' title='bbox 272 3066 394 3126; x_wconf 90' lang='lat' dir='ltr'>absona</span> <span class='ocrx_word' id='word_1_225' title='bbox 431 3065 489 3124; x_wconf 92' lang='lat' dir='ltr'>sed</span> <span class='ocrx_word' id='word_1_226' title='bbox 521 3083 564 3123; x_wconf 89' lang='lat' dir='ltr'>ex</span> <span class='ocrx_word' id='word_1_227' title='bbox 594 3081 654 3124; x_wconf 90' lang='lat' dir='ltr'>non</span> <span class='ocrx_word' id='word_1_228' title='bbox 685 3061 884 3123; x_wconf 79' lang='lat' dir='ltr'>efficiendum</span> <span class='ocrx_word' id='word_1_229' title='bbox 915 3081 995 3144; x_wconf 87' lang='lat' dir='ltr'>una;</span> <span class='ocrx_word' id='word_1_230' title='bbox 1036 3063 1123 3142; x_wconf 92' lang='lat' dir='ltr'>quod</span> <span class='ocrx_word' id='word_1_231' title='bbox 1154 3069 1351 3142; x_wconf 89' lang='lat' dir='ltr'>quantopere</span> <span class='ocrx_word' id='word_1_232' title='bbox 1374 3062 1502 3121; x_wconf 91' lang='lat' dir='ltr'>adiuvet</span> 
     </span>
    </p>
   </div>
   <div class='ocr_carea' id='block_1_7' title="bbox 272 3163 1501 3260">
    <p class='ocr_par' dir='ltr' id='par_1_8' title="bbox 272 3163 1501 3260">
     <span class='ocr_line' id='line_1_25' title="bbox 272 3163 1501 3260; baseline -0.005 -19"><span class='ocrx_word' id='word_1_233' title='bbox 272 3178 432 3260; x_wconf 89' lang='lat' dir='ltr'>scriptoris</span> <span class='ocrx_word' id='word_1_234' title='bbox 454 3197 581 3238; x_wconf 91' lang='lat' dir='ltr'>sensum</span> <span class='ocrx_word' id='word_1_235' title='bbox 606 3185 638 3237; x_wconf 90' lang='lat' dir='ltr'>et</span> <span class='ocrx_word' id='word_1_236' title='bbox 661 3175 804 3250; x_wconf 85' lang='lat' dir='ltr'>extollat,</span> <span class='ocrx_word' id='word_1_237' title='bbox 827 3179 997 3258; x_wconf 89' lang='lat' dir='ltr'>persentiet</span> <span class='ocrx_word' id='word_1_238' title='bbox 1021 3177 1134 3256; x_wconf 89' lang='lat' dir='ltr'>opinor</span> <span class='ocrx_word' id='word_1_239' title='bbox 1156 3177 1208 3256; x_wconf 92' lang='lat' dir='ltr'>qui</span> <span class='ocrx_word' id='word_1_240' title='bbox 1231 3184 1333 3237; x_wconf 88' lang='lat' dir='ltr'>totam</span> <span class='ocrx_word' id='word_1_241' title='bbox 1355 3163 1501 3256; x_wconf 82' lang='lat' dir='ltr'>compre-</span> 
     </span>
    </p>
   </div>
   <div class='ocr_carea' id='block_1_8' title="bbox 253 3292 1511 4517">
    <p class='ocr_par' dir='ltr' id='par_1_9' title="bbox 253 3292 1511 3830">
     <span class='ocr_line' id='line_1_26' title="bbox 273 3292 1504 3372; baseline -0.004 -17"><span class='ocrx_word' id='word_1_242' title='bbox 273 3294 458 3356; x_wconf 90' lang='lat' dir='ltr'>hensionem</span> <span class='ocrx_word' id='word_1_243' title='bbox 482 3292 577 3372; x_wconf 91' lang='lat' dir='ltr'>paulo</span> <span class='ocrx_word' id='word_1_244' title='bbox 600 3294 747 3352; x_wconf 86' lang='lat' dir='ltr'>intentius</span> <span class='ocrx_word' id='word_1_245' title='bbox 770 3294 946 3371; x_wconf 87' lang='lat' dir='ltr'>aspexerit:</span> <span class='ocrx_word' id='word_1_246' title='bbox 980 3302 1079 3352; x_wconf 89' lang='lat' dir='ltr'>cetera</span> <span class='ocrx_word' id='word_1_247' title='bbox 1101 3296 1231 3367; x_wconf 88' lang='lat' dir='ltr'>sinqulos</span> <span class='ocrx_word' id='word_1_248' title='bbox 1253 3294 1436 3366; x_wconf 84' lang='lat' dir='ltr'>corripiunt,</span> <span class='ocrx_word' id='word_1_249' title='bbox 1459 3295 1504 3351; x_wconf 86' lang='lat' dir='ltr'>bic</span> 
     </span>
     <span class='ocr_line' id='line_1_27' title="bbox 273 3407 1504 3484; baseline -0.002 -16"><span class='ocrx_word' id='word_1_250' title='bbox 273 3427 371 3468; x_wconf 90' lang='lat' dir='ltr'>unus</span> <span class='ocrx_word' id='word_1_251' title='bbox 394 3411 531 3484; x_wconf 82' lang='lat' dir='ltr'>adfectus</span> <span class='ocrx_word' id='word_1_252' title='bbox 554 3417 603 3480; x_wconf 85' lang='lat' dir='ltr'>est,</span> <span class='ocrx_word' id='word_1_253' title='bbox 627 3411 676 3482; x_wconf 87' lang='lat' dir='ltr'>qui</span> <span class='ocrx_word' id='word_1_254' title='bbox 698 3409 841 3466; x_wconf 83' lang='lat' dir='ltr'>interdum</span> <span class='ocrx_word' id='word_1_255' title='bbox 863 3407 980 3482; x_wconf 83' lang='lat' dir='ltr'>publice</span> <span class='ocrx_word' id='word_1_256' title='bbox 1002 3409 1170 3483; x_wconf 83' lang='lat' dir='ltr'>concipitur.</span> <span class='ocrx_word' id='word_1_257' title='bbox 1195 3423 1353 3482; x_wconf 89' lang='lat' dir='ltr'>numquam</span> <span class='ocrx_word' id='word_1_258' title='bbox 1373 3411 1504 3482; x_wconf 84' lang='lat' dir='ltr'>papulus</span> 
     </span>
     <span class='ocr_line' id='line_1_28' title="bbox 253 3509 1504 3597; baseline -0.004 -12"><span class='ocrx_word' id='word_1_259' title='bbox 253 3509 425 3585; x_wconf 73' lang='lat' dir='ltr'>‘antennis</span> <span class='ocrx_word' id='word_1_260' title='bbox 452 3525 584 3596; x_wconf 86' lang='lat' dir='ltr'>feminae</span> <span class='ocrx_word' id='word_1_261' title='bbox 612 3540 713 3583; x_wconf 88' lang='lat' dir='ltr'>amare</span> <span class='ocrx_word' id='word_1_262' title='bbox 734 3525 892 3597; x_wconf 76' lang='lat' dir='ltr'>tlaqrauit,</span> <span class='ocrx_word' id='word_1_263' title='bbox 922 3538 977 3581; x_wconf 86' lang='lat' dir='ltr'>nec</span> <span class='ocrx_word' id='word_1_264' title='bbox 999 3525 1030 3581; x_wconf 89' lang='lat' dir='ltr'>in</span> <span class='ocrx_word' id='word_1_265' title='bbox 1049 3525 1207 3596; x_wconf 86' lang='lat' dir='ltr'>pecuniam</span> <span class='ocrx_word' id='word_1_266' title='bbox 1230 3532 1283 3580; x_wconf 90' lang='lat' dir='ltr'>aut</span> <span class='ocrx_word' id='word_1_267' title='bbox 1305 3525 1421 3581; x_wconf 78' lang='lat' dir='ltr'>merum</span> <span class='ocrx_word' id='word_1_268' title='bbox 1445 3529 1504 3582; x_wconf 90' lang='lat' dir='ltr'>totu</span> 
     </span>
     <span class='ocr_line' id='line_1_29' title="bbox 274 3609 1511 3714; baseline -0.006 -14"><span class='ocrx_word' id='word_1_269' title='bbox 274 3643 377 3700; x_wconf 85' lang='lat' dir='ltr'>ciuitas</span> <span class='ocrx_word' id='word_1_270' title='bbox 406 3655 485 3714; x_wconf 80' lang='lat' dir='ltr'>spem</span> <span class='ocrx_word' id='word_1_271' title='bbox 517 3655 600 3697; x_wconf 89' lang='lat' dir='ltr'>suam</span> <span class='ocrx_word' id='word_1_272' title='bbox 623 3639 713 3707; x_wconf 83' lang='lat' dir='ltr'>misit,</span> <span class='ocrx_word' id='word_1_273' title='bbox 738 3637 855 3697; x_wconf 85' lang='lat' dir='ltr'>ambitio</span> <span class='ocrx_word' id='word_1_274' title='bbox 878 3640 982 3696; x_wconf 78' lang='lat' dir='ltr'>uiritim</span> <span class='ocrx_word' id='word_1_275' title='bbox 1005 3641 1137 3712; x_wconf 60' lang='lat' dir='ltr'>:nequior</span> <span class='ocrx_word' id='word_1_276' title='bbox 1160 3645 1302 3710; x_wconf 85' lang='lat' dir='ltr'>occupat:</span> <span class='ocrx_word' id='word_1_277' title='bbox 1333 3609 1511 3711; x_wconf 69' lang='lat' dir='ltr'>impotentia</span> 
     </span>
     <span class='ocr_line' id='line_1_30' title="bbox 274 3749 1082 3830; baseline -0.007 -17"><span class='ocrx_word' id='word_1_278' title='bbox 274 3749 356 3814; x_wconf 85' lang='lat' dir='ltr'>una¹</span> <span class='ocrx_word' id='word_1_279' title='bbox 376 3763 418 3813; x_wconf 89' lang='lat' dir='ltr'>est</span> <span class='ocrx_word' id='word_1_280' title='bbox 441 3756 548 3812; x_wconf 87' lang='lat' dir='ltr'>malum</span> <span class='ocrx_word' id='word_1_281' title='bbox 565 3752 723 3827; x_wconf 83' lang='lat' dir='ltr'>publicum.</span> <span class='ocrx_word' id='word_1_282' title='bbox 948 3823 951 3830; x_wconf 24' lang='lat'><strong><em>¹</em></strong></span> <span class='ocrx_word' id='word_1_283' title='bbox 1078 3749 1082 3757; x_wconf 90' lang='lat'>&#39;</span> 
     </span>
    </p>

    <p class='ocr_par' dir='ltr' id='par_1_10' title="bbox 276 3865 1507 4517">
     <span class='ocr_line' id='line_1_31' title="bbox 364 3865 1505 3944; baseline 0 -18"><span class='ocrx_word' id='word_1_284' title='bbox 364 3865 415 3926; x_wconf 89' lang='lat' dir='ltr'>De</span> <span class='ocrx_word' id='word_1_285' title='bbox 438 3865 483 3926; x_wconf 90' lang='lat' dir='ltr'>ira</span> <span class='ocrx_word' id='word_1_286' title='bbox 507 3867 542 3944; x_wconf 88' lang='lat'>3,</span> <span class='ocrx_word' id='word_1_287' title='bbox 568 3867 605 3940; x_wconf 89' lang='lat'>8,</span> <span class='ocrx_word' id='word_1_288' title='bbox 635 3883 666 3944; x_wconf 91' lang='lat' dir='ltr'>p.</span> <span class='ocrx_word' id='word_1_289' title='bbox 690 3865 748 3938; x_wconf 90' lang='grc'>93,</span> <span class='ocrx_word' id='word_1_290' title='bbox 782 3866 820 3927; x_wconf 89' lang='grc'>13</span> <span class='ocrx_word' id='word_1_291' title='bbox 853 3868 998 3938; x_wconf 76' lang='lat' dir='ltr'>Difficiles</span> <span class='ocrx_word' id='word_1_292' title='bbox 1028 3883 1145 3943; x_wconf 89' lang='lat' dir='ltr'>quaque</span> <span class='ocrx_word' id='word_1_293' title='bbox 1175 3875 1201 3926; x_wconf 88' lang='lat' dir='ltr'>et</span> <span class='ocrx_word' id='word_1_294' title='bbox 1231 3869 1364 3927; x_wconf 79' lang='lat' dir='ltr'>indomiti</span> <span class='ocrx_word' id='word_1_295' title='bbox 1394 3875 1505 3928; x_wconf 86' lang='lat' dir='ltr'>natura</span> 
     </span>
     <span class='ocr_line' id='line_1_32' title="bbox 276 3980 1504 4062; baseline -0.002 -18"><span class='ocrx_word' id='word_1_296' title='bbox 276 3985 472 4044; x_wconf 81' lang='lat' dir='ltr'>blandientem</span> <span class='ocrx_word' id='word_1_297' title='bbox 497 3982 614 4053; x_wconf 86' lang='lat' dir='ltr'>ferent:</span> <span class='ocrx_word' id='word_1_298' title='bbox 644 3983 718 4040; x_wconf 86' lang='lat' dir='ltr'>nibil</span> <span class='ocrx_word' id='word_1_299' title='bbox 739 3999 875 4056; x_wconf 85' lang='lat' dir='ltr'>asperum</span> <span class='ocrx_word' id='word_1_300' title='bbox 899 3985 1088 4057; x_wconf 77' lang='lat' dir='ltr'>territumque</span> <span class='ocrx_word' id='word_1_301' title='bbox 1104 3984 1246 4058; x_wconf 77' lang='lat' dir='ltr'>palqrunti</span> <span class='ocrx_word' id='word_1_302' title='bbox 1270 3992 1319 4042; x_wconf 88' lang='lat' dir='ltr'>est.</span> <span class='ocrx_word' id='word_1_303' title='bbox 1366 3980 1504 4062; x_wconf 84' lang='lat' dir='ltr'>Magno-</span> 
     </span>
     <span class='ocr_line' id='line_1_33' title="bbox 276 4094 1506 4178; baseline -0.003 -19"><span class='ocrx_word' id='word_1_304' title='bbox 276 4117 351 4178; x_wconf 87' lang='lat' dir='ltr'>pere</span> <span class='ocrx_word' id='word_1_305' title='bbox 375 4095 498 4168; x_wconf 90' lang='lat' dir='ltr'>dubito,</span> <span class='ocrx_word' id='word_1_306' title='bbox 521 4114 617 4174; x_wconf 88' lang='lat' dir='ltr'>quam</span> <span class='ocrx_word' id='word_1_307' title='bbox 641 4094 720 4154; x_wconf 90' lang='lat' dir='ltr'>iuste</span> <span class='ocrx_word' id='word_1_308' title='bbox 742 4094 797 4154; x_wconf 91' lang='lat' dir='ltr'>viri</span> <span class='ocrx_word' id='word_1_309' title='bbox 820 4095 1021 4156; x_wconf 88' lang='lat' dir='ltr'>valentissimi</span> <span class='ocrx_word' id='word_1_310' title='bbox 1041 4095 1143 4156; x_wconf 90' lang='lat' dir='ltr'>iudicii</span> <span class='ocrx_word' id='word_1_311' title='bbox 1163 4100 1354 4172; x_wconf 85' lang='lat' dir='ltr'>territumque</span> <span class='ocrx_word' id='word_1_312' title='bbox 1369 4115 1436 4157; x_wconf 93' lang='lat' dir='ltr'>uno</span> <span class='ocrx_word' id='word_1_313' title='bbox 1453 4113 1506 4158; x_wconf 89' lang='lat' dir='ltr'>ore</span> 
     </span>
     <span class='ocr_line' id='line_1_34' title="bbox 277 4209 1506 4289; baseline -0.001 -16"><span class='ocrx_word' id='word_1_314' title='bbox 277 4211 513 4273; x_wconf 88' lang='lat' dir='ltr'>damnaverint:</span> <span class='ocrx_word' id='word_1_315' title='bbox 540 4219 625 4270; x_wconf 88' lang='lat' dir='ltr'>certe</span> <span class='ocrx_word' id='word_1_316' title='bbox 648 4228 758 4269; x_wconf 90' lang='lat' dir='ltr'>corum</span> <span class='ocrx_word' id='word_1_317' title='bbox 781 4210 915 4289; x_wconf 86' lang='lat' dir='ltr'>quaein</span> <span class='ocrx_word' id='word_1_318' title='bbox 939 4211 1002 4271; x_wconf 91' lang='lat' dir='ltr'>eius</span> <span class='ocrx_word' id='word_1_319' title='bbox 1025 4209 1130 4271; x_wconf 93' lang='lat' dir='ltr'>locum</span> <span class='ocrx_word' id='word_1_320' title='bbox 1154 4209 1258 4272; x_wconf 88' lang='lat' dir='ltr'>subire</span> <span class='ocrx_word' id='word_1_321' title='bbox 1281 4211 1441 4272; x_wconf 91' lang='lat' dir='ltr'>iusserunt</span> <span class='ocrx_word' id='word_1_322' title='bbox 1465 4245 1506 4254; x_wconf 88' lang='lat'><em>-</em></span> 
     </span>
     <span class='ocr_line' id='line_1_35' title="bbox 278 4324 1507 4404; baseline 0 -17"><span class='ocrx_word' id='word_1_323' title='bbox 278 4331 469 4403; x_wconf 86' lang='lat' dir='ltr'>tetricumque</span> <span class='ocrx_word' id='word_1_324' title='bbox 491 4324 663 4403; x_wconf 91' lang='lat' dir='ltr'>Hauptius,</span> <span class='ocrx_word' id='word_1_325' title='bbox 694 4331 898 4400; x_wconf 88' lang='lat' dir='ltr'>serratumque</span> <span class='ocrx_word' id='word_1_326' title='bbox 921 4324 1115 4404; x_wconf 83' lang='lat' dir='ltr'>Madvigius,</span> <span class='ocrx_word' id='word_1_327' title='bbox 1146 4334 1180 4385; x_wconf 90' lang='lat' dir='ltr'>ut</span> <span class='ocrx_word' id='word_1_328' title='bbox 1207 4335 1356 4386; x_wconf 87' lang='lat' dir='ltr'>serratum</span> <span class='ocrx_word' id='word_1_329' title='bbox 1378 4343 1507 4389; x_wconf 87' lang='lat' dir='ltr'>marsum</span> 
     </span>
     <span class='ocr_line' id='line_1_36' title="bbox 278 4408 1506 4517; baseline -0.001 -16"><span class='ocrx_word' id='word_1_330' title='bbox 278 4408 440 4502; x_wconf 76' lang='lat' dir='ltr'>anseribus</span> <span class='ocrx_word' id='word_1_331' title='bbox 455 4439 595 4500; x_wconf 82' lang='lat' dir='ltr'>attribuit</span> <span class='ocrx_word' id='word_1_332' title='bbox 612 4437 775 4498; x_wconf 89' lang='lat' dir='ltr'>Petronius</span> <span class='ocrx_word' id='word_1_333' title='bbox 790 4458 820 4517; x_wconf 93' lang='lat' dir='ltr'>p.</span> <span class='ocrx_word' id='word_1_334' title='bbox 839 4441 895 4500; x_wconf 86' lang='lat'>101</span> <span class='ocrx_word' id='word_1_335' title='bbox 917 4438 960 4513; x_wconf 86' lang='lat' dir='ltr'>B,</span> <span class='ocrx_word' id='word_1_336' title='bbox 981 4443 1192 4516; x_wconf 74' lang='lat' dir='ltr'>horridumque</span> <span class='ocrx_word' id='word_1_337' title='bbox 1208 4438 1362 4516; x_wconf 76' lang='lat' dir='ltr'>GertziuS,</span> <span class='ocrx_word' id='word_1_338' title='bbox 1377 4438 1506 4503; x_wconf 93' lang='lat' dir='ltr'>Kochio</span> 
     </span>
    </p>
   </div>
   <div class='ocr_carea' id='block_1_9' title="bbox 0 0 1632 5336">
    <p class='ocr_par' dir='ltr' id='par_1_11' title="bbox 0 0 1632 5336">
     <span class='ocr_line' id='line_1_37' title="bbox 0 0 1632 5336; baseline 0 0"><span class='ocrx_word' id='word_1_339' title='bbox 0 0 1632 5336; x_wconf 95' lang='lat' dir='ltr'> </span> 
     </span>
    </p>
   </div>
  </div>
 </body>
</html>
