3184 5318
296 355 358 416 160
530 348 611 393 nint..
621 347 671 390 vlt.
701 347 743 388 Ab
758 328 936 388 unctionem
951 346 992 387 DE
1006 345 1078 387 vm
1092 345 1199 392 ΒΕΛΤΑ.
1228 349 1249 392 d.
1264 349 1284 392 t.

293 495 482 569 mortalium,
505 495 554 580 cui
577 493 674 556 ullum
694 500 838 575 superest
853 491 987 554 hominis
1003 493 1179 573 uestigium,
1202 513 1259 574 per
1275 495 1360 557 diem
1377 506 1508 560 noctem-

293 623 355 682 que
378 600 494 664 titillari
518 599 591 662 uelit
614 608 646 662 et
669 602 797 662 deserto
820 600 927 661 animo
951 600 1076 680 corpori
1098 619 1229 681 operam
1254 601 1352 664 dare?

313 735 316 741 ¹
383 707 438 771 Vl.
482 706 549 770 Sed
585 707 706 768 animus
737 712 880 786 quoque,
917 707 1031 786 inquit,
1067 704 1246 787 uoluptates
1277 706 1410 771 habebit
1444 721 1532 772 suast

294 813 413 877 habeat
435 834 511 875 sane
534 814 707 894 sedeatque
730 811 871 873 luxuriae
895 819 927 873 et
949 811 1159 893 uoluptatium
1183 812 1315 888 arbiter,
1346 814 1465 896 inpleat
1483 835 1511 877 se

268 922 338 982 reis
362 920 517 995 omnibus,
541 939 622 1002 quae
645 918 806 980 oblectare
829 937 938 980 sensus
959 918 1069 980 solent.
1109 919 1224 980 deinde
1239 922 1411 1000 praeterita
1428 923 1510 1002 respi-

295 1030 356 1090 ciat
379 1035 419 1090 et.
434 1025 632 1089 exoletarum
655 1025 864 1106 uoluptatium
889 1043 1014 1086 memor
1036 1023 1158 1087 exultet
1179 1025 1335 1106 prioribus
1351 1025 1511 1108 futurisque

294 1135 357 1196 iam
388 1135 537 1196 inmineat
568 1152 605 1194 ac
635 1152 708 1213 spes
741 1151 813 1192 suas
844 1131 985 1204 ordinet,
1016 1140 1049 1192 et
1072 1131 1149 1192 dum
1173 1150 1288 1212 corpus
1310 1133 1341 1193 in
1364 1137 1511 1213 praesenti

295 1243 404 1322 sagina
427 1240 515 1313 iacet,
540 1239 748 1319 cogitationes
772 1238 815 1298 ad
837 1234 941 1298 sutura
962 1237 1161 1317 praemittat:
1190 1237 1252 1300 hoc
1275 1238 1350 1300 mihi
1366 1239 1512 1302 uidebitur

296 1348 453 1421 miserior,
484 1346 635 1427 quoniam
658 1343 742 1406 mala
764 1363 823 1424 pro
846 1343 938 1404 bonis
961 1342 1068 1422 legere
1091 1344 1251 1406 dementia
1273 1353 1328 1408 est
1374 1366 1437 1410 nec
1458 1349 1513 1408 sine

256 1467 281 1507 ¹⁰
295 1455 429 1516 sanitate
459 1452 625 1532 quisquam
647 1450 759 1512 beatus
783 1458 832 1512 est
854 1469 913 1536 nec
934 1467 1043 1524 sanus,
1073 1450 1123 1510 cui
1145 1448 1292 1512 obfutura
1313 1471 1371 1532 pro
1396 1453 1513 1534 optimis

296 1562 494 1642 adpetuntur.
533 1557 646 1618 beatus
669 1577 746 1636 ergo
770 1564 819 1618 est
838 1556 941 1618 iudicii
956 1565 1067 1618 rectus.
1105 1555 1218 1618 beatus
1234 1565 1282 1619 est
1297 1559 1538 1638 praesentibusl

296 1666 535 1748 qualiacumque
558 1672 638 1737 sunt,
662 1669 828 1744 contentus
852 1662 1032 1742 amicusque
1054 1661 1149 1724 rebus
1172 1664 1242 1725 suis.
1258 1709 1262 1716 .
1281 1664 1395 1726 beatus
1419 1673 1466 1727 est
1485 1666 1513 1738 iS,

297 1774 346 1833 cui
369 1789 500 1832 omnem
523 1769 666 1832 habitum
690 1789 794 1831 rerum
818 1787 944 1830 suarum
968 1769 1049 1830 ratio
1073 1771 1286 1832 commendat.

386 1876 456 1938 Vll.
493 1875 614 1937 Vident
637 1883 670 1936 et
692 1875 724 1935 in
746 1873 825 1936 hillis
848 1875 901 1954 qui
924 1893 1083 1936 summum
1107 1873 1228 1937 bonum
1244 1877 1403 1959 dixerunt,
1426 1897 1537 1958 quami

260 1999 283 2040 u
297 1984 380 2065 turpi
403 1983 478 2044 illud
501 1981 573 2044 loco
588 1982 757 2063 posuerint.
796 1981 902 2060 itaque
918 1989 1036 2061 negant
1051 2001 1147 2062 posse
1162 1981 1357 2062 uoluptatem
1374 2003 1393 2045 a
1409 1985 1513 2045 uirtute

296 2092 400 2152 diduci
432 2098 465 2150 et
494 2089 579 2150 aiunt
609 2107 671 2149 nee
698 2086 832 2149 honeste
863 2107 1054 2168 quemquam
1085 2088 1206 2163 uiuere,
1237 2096 1272 2150 ut
1302 2110 1366 2151 non
1389 2091 1514 2154 iucunde

295 2199 393 2271 uiuat,
417 2216 475 2258 nec
498 2195 645 2269 iucunde,
668 2203 703 2256 ut
726 2214 789 2256 non
806 2193 947 2255 'honeste
971 2213 1107 2274 quoque.
1151 2214 1216 2256 non
1240 2195 1334 2257 uideo
1357 2197 1512 2277 quomodo

238 2371 240 2375 ,
295 2305 356 2366 ista
385 2311 452 2364 tam
484 2302 608 2364 diuersa
637 2301 668 2361 in
696 2302 831 2362 eandem
856 2299 1002 2381 copulam
1026 2301 1224 2363 coniciantur.
1271 2304 1346 2383 quid
1370 2313 1433 2378 est,
1463 2321 1513 2363 oro

295 2429 362 2483 uos,
386 2428 440 2469 cur
462 2408 600 2488 separari
623 2406 769 2488 uoluptas
793 2399 941 2468 auirtute
956 2427 1025 2490 non
1036 2409 1156 2488 possit?
1180 2407 1325 2470 uidelicet
1340 2410 1412 2489 quia
1426 2427 1513 2470 omne

255 2530 282 2570 2⁰
298 2515 389 2576 bonis
413 2535 455 2576 ex
479 2516 593 2576 uirtute
616 2515 799 2595 principium
824 2521 880 2588 est,
905 2533 947 2574 ex
969 2513 1059 2574 huius
1083 2515 1238 2576 radicibus
1262 2516 1357 2577 etiam
1373 2536 1418 2591 ea,
1441 2533 1513 2596 quae

297 2639 355 2682 uos
378 2628 410 2682 et
433 2621 545 2682 amatis
569 2630 602 2682 et
625 2620 780 2701 expetitis,
803 2621 962 2682 oriuntur?
1008 2621 1066 2682 sed
1089 2621 1122 2681 si·
1137 2621 1197 2682 ista
1218 2621 1386 2684 indiscreta
1409 2629 1512 2694 essent,

226 2797 229 2802 ,
297 2747 360 2788 non
384 2727 562 2789 uideremus
585 2728 743 2807 quaedam
767 2727 910 2802 iucunda,
933 2726 990 2793 sed
1014 2747 1075 2787 non
1098 2726 1241 2802 honesta,
1266 2730 1422 2808 quaedam
1445 2745 1512 2788 uero

295 2833 524 2907 honestissima,
548 2834 605 2895 sed
623 2841 748 2914 aspera,
771 2827 829 2913 per
851 2831 979 2894 dolores
1002 2834 1170 2914 exigenda.
1195 2833 1298 2896 ¹adice
1321 2829 1411 2908 nunc,
1433 2833 1540 2916 quodi

219 2955 221 2958 ·
297 2939 443 3022 uoluptas
467 2940 561 3002 etiam
585 2939 625 3000 ad
648 2940 746 3001 uitam
769 2938 981 3020 turpissimam
1006 2941 1098 3014 uenit,
1123 2948 1156 3002 at
1179 2923 1276 3002 uirtus
1292 2941 1409 3003 malam
1425 2941 1512 3002 uitam

256 3059 282 3100 ²⁵
296 3067 362 3109 non
392 3046 538 3107 admittit.
585 3055 618 3108 et
648 3043 784 3107 infelices
814 3045 943 3126 quidam
970 3063 1035 3106 non
1058 3047 1124 3108 sine
1147 3046 1326 3128 uoluptate,
1358 3049 1452 3110 immo
1473 3045 1512 3106 ob

296 3155 398 3233 ipsam
422 3150 619 3232 uoluptatem
642 3161 728 3226 sunt,
759 3153 849 3234 quod
871 3172 935 3213 non
959 3152 1113 3228 eueniret,
1143 3154 1168 3214 si
1191 3155 1298 3215 uirtuti
1321 3175 1356 3216 se
1379 3152 1513 3234 uoluptas

296 3258 518 3333 inmiscuisset‚
550 3279 613 3340 qua
636 3259 733 3320 uirtus
756 3277 851 3340 saepe
874 3267 975 3334 caret,
998 3279 1171 3340 numquam
1194 3261 1323 3342 indiget
1362 3261 1436 3342 quid
1456 3259 1540 3326 dis-3

298 3469 312 3521 1
333 3476 484 3535 noctemq3*
504 3467 567 3538 (fuit
584 3469 642 3536 que)
661 3469 754 3518 titillari
774 3469 793 3536 (i
812 3475 937 3523 eatrema
956 3469 983 3521 iu
1003 3468 1068 3537 ras.)
1159 3471 1174 3524 2
1193 3471 1251 3522 uelit
1270 3478 1293 3522 et
1307 3444 1368 3530 cod:
1382 3453 1513 3526 et'ueteres

298 3556 444 3626 editiones,
469 3560 528 3609 uelit
553 3558 651 3612 omisso
676 3565 699 3608 et
718 3555 809 3628 Bipr,
834 3555 961 3625 Fickert,
987 3557 1081 3612 Haase
1206 3558 1344 3626 equoqa
1363 3562 1437 3628 inquit
1453 3560 1470 3625 (t
1487 3557 1512 3609 in

297 3649 365 3714 ras.)
454 3646 600 3713 4sedeatq;
622 3649 683 3715 (atq;
705 3646 733 3698 in
751 3650 818 3708 ras.)
837 3647 939 3696 luxuri*
1029 3648 1130 3714 impleat
1221 3648 1372 3701 bominibus
1390 3667 1435 3717 que

298 3734 314 3788 7
332 3737 460 3786 immineat
557 3737 686 3801 presentia
705 3732 826 3800 (uidetur
845 3732 971 3803 ssutitse)
1076 3734 1110 3790 10
1128 3735 1319 3792 obfuturali'l:
1341 3740 1418 3789 futura

298 3824 330 3876 11
351 3823 478 3890 appetunf
498 3823 588 3894 (prior
605 3842 622 3890 p
640 3823 667 3877 t'rt
687 3823 753 3890 ras.)
845 3822 879 3876 12
898 3825 1041 3890 amicusq;e
1132 3824 1164 3878 13
1184 3842 1284 3876 omnem
1302 3827 1439 3891 habitumq;
1457 3821 1511 3876 cod.

297 3911 371 3966 unde
387 3929 487 3963 omnem
506 3919 594 3962 statum
614 3909 671 3978 (uel
688 3910 811 3979 ordinem)
831 3913 992 3978 habitumque
1005 3909 1162 3981 effecerunt,
1181 3913 1231 3968 sed
1242 3920 1317 3968 recte
1329 3913 1411 3986 uulqo
1423 3928 1511 3964 omnem

299 4002 412 4051 habitum
497 3999 531 4053 14
550 4003 633 4051 uident
651 3998 786 4066 Muretus,
808 3997 903 4055 Gertz:
925 4003 991 4051 uidet
1075 4009 1098 4052 et
1117 4004 1142 4052 in
1160 4000 1371 4074 hillisMaduip:
1391 4011 1413 4055 et
1430 4000 1512 4051 inillis

418 4092 529 4140 dixerunt
555 4086 652 4143 Uario:
679 4091 783 4139 dixerint
904 4091 936 4142 15
961 4091 1021 4140 illud
1046 4091 1074 4156 (d
1094 4093 1177 4155 corr.)
1299 4092 1331 4146 16
1358 4093 1437 4142 diduci
1454 4085 1511 4140 Pin·

298 4177 410 4231 cianus:
432 4180 521 4230 deduci
611 4177 644 4230 16
661 4183 690 4240 el
710 4177 741 4230 17
761 4179 865 4228 iucunde
885 4180 911 4245 (u
926 4193 972 4248 pr.
991 4178 1020 4232 t'n
1038 4197 1054 4229 o
1073 4185 1149 4244 corr.)
1240 4180 1273 4234 18
1293 4183 1339 4232 ista
1357 4189 1407 4232 tam
1425 4181 1511 4228 diuersa

298 4262 438 4320 Muretus:
460 4269 530 4326 ista*
550 4265 612 4334 (suit
630 4269 661 4318 ut
678 4264 788 4320 uidetur
807 4268 890 4330 istam)
911 4268 1007 4318 diuersa
1079 4267 1114 4322 22
1133 4269 1238 4320 iucunda
1258 4271 1283 4337 (u
1297 4286 1345 4340 pr.
1363 4270 1391 4322 iri
1408 4265 1509 4329 οσανν.)

404 4357 449 4406 sed
473 4371 523 4405 non
541 4356 645 4405 honesta
663 4352 691 4408 Ε
698 4357 720 4404 1ι
747 4355 792 4405 sed
809 4355 912 4404 honesta
1038 4355 1071 4412 23
1096 4358 1270 4408 honestissima
1288 4356 1444 4413 deteriores:
1466 4355 1509 4402 ho·

298 4445 434 4494 nestissime
753 4439 756 4446 ’
880 4449 888 4464 '
