3212 5326
449 355 582 399 DIAL.1V.
611 355 652 396 DE
667 354 718 396 IRA
735 353 788 397 LlB.
805 353 834 397 ll.
863 357 945 397 :lmlb
1154 421 1157 439 Ι
1213 411 1215 416 ,
1270 363 1310 422 {53

106 503 209 583 eruptio
232 501 315 564 colla
337 501 503 564 distendet.
550 509 619 562 tum
642 509 729 562 artus
752 499 874 581 trepidi,
899 500 1054 582 inquietae
1074 519 1192 576 manus,
1216 503 1312 564 totius

79 610 226 689 lcorporis
249 607 419 671 fluctuatio.
464 611 588 687 qualem
614 607 696 670 intus
720 615 812 689 putas
836 627 905 669 esse
929 608 1078 690 animum,
1112 609 1196 670 cuius
1220 617 1313 670 extra

104 715 194 794 imago
223 725 289 776 tam
320 714 415 776 foeda
446 716 514 775 est?
554 721 674 794 quanto
706 712 746 774 illi
775 714 854 774 intra
878 722 988 794 pectus
1019 713 1185 776 terribilior
1208 713 1312 776 uoltus

104 829 149 894 est,
176 821 274 882 acrior
304 819 439 902 spiritus,
471 819 620 882 intentior
650 820 791 900 inpetus,
830 828 975 900 rupturus
1006 839 1041 881 se
1070 821 1128 882 nisi
1159 821 1312 902 eruperit?

79 943 89 988 ζ»
103 925 194 1006 quales
214 935 287 988 sunt
310 925 450 988 hostium
474 925 524 988 uel
547 924 683 988 ferarum
708 927 806 988 caede
831 927 1027 988 madentium
1045 928 1155 988 autad
1173 930 1311 1001 ¹caedem
1341 953 1352 986 ς,

103 1033 223 1094 euntium
247 1034 432 1113 adspectus,
463 1031 568 1114 qualia
602 1040 720 1114 poetae
751 1030 869 1093 inferna
893 1041 1034 1094 monstra
1057 1033 1217 1094 tinxerunt
1240 1033 1312 1094 sub·

103 1139 186 1200 cincta
207 1138 406 1220 serpentibus
438 1150 471 1200 et
501 1139 595 1220 igneo
619 1137 712 1211 flatu,
744 1138 853 1219 quales
876 1138 918 1200 ad
949 1138 1033 1200 bella
1057 1141 1227 1202 excitanda
1250 1141 1311 1201 dis-

102 1227 288 1325 cordiamque
311 1245 343 1306 in
365 1245 501 1328 populos
524 1245 727 1307 diuidendam
751 1264 927 1326 pacemque
947 1244 1148 1308 lacerandam
1172 1247 1311 1308 taeterri-

102 1371 160 1412 mae
181 1349 311 1412 inlerum
333 1363 466 1413 exeunt:
492 1351 588 1414 talem
619 1351 711 1412 nobis
738 1352 815 1412 iram
839 1350 1017 1431 figuremus,
1041 1351 1172 1414 flamma
1196 1353 1313 1414 lumina

101 1459 232 1533 ardentia,
249 1457 342 1519 sibilo
359 1458 542 1540 mugituque
559 1466 590 1520 et
607 1459 726 1538 gemitu
744 1466 775 1520 et
791 1459 926 1520 stridore
942 1466 974 1519 et
990 1459 1015 1518 si
1030 1479 1092 1539 qua
1116 1457 1163 1518 his
1186 1458 1312 1520 inuisior
1329 1475 1353 1518 ro

101 1583 154 1624 uox
182 1573 229 1624 est
267 1573 533 1646 perstrepentem,
571 1563 634 1626 tela
673 1585 768 1626 manu
800 1573 933 1644 utraque
963 1554 1174 1644 quatientem,
1211 1583 1312 1646 neque

99 1669 168 1730 enim
189 1668 231 1731 illi
254 1690 289 1730 se
312 1679 421 1751 tegere
445 1691 537 1732 curae
561 1679 618 1745 est,
640 1682 766 1734 toruam
791 1681 1017 1752 cruentamque
1040 1682 1072 1732 et
1096 1671 1312 1734 cicatricosam

99 1784 124 1836 et
142 1776 323 1838 uerberibus
339 1776 401 1838 suis
425 1776 561 1850 liuidam,
584 1777 723 1838 incessus
747 1777 861 1851 uesani,
886 1775 1031 1838 obfusam
1050 1778 1150 1839 multa
1172 1777 1311 1857 caligine,

98 1881 327 1958 incursitantem,
351 1891 528 1944 uastantem
543 1881 770 1964 fugantemque
787 1892 819 1944 et
842 1883 982 1944 omnium
1005 1883 1080 1944 odio
1104 1883 1312 1959 laborantem,

97 1988 134 2049 sui
161 1989 311 2064 maxime,
348 1989 374 2050 si
404 1988 492 2050 aliter
522 2009 638 2050 nocere
669 2009 733 2052 non
764 1990 873 2070 possit,
912 1999 1019 2063 terraS,
1052 1989 1157 2062 maria,
1190 1989 1311 2050 caelum
1328 2009 1353 2048 rs

72 2109 172 2159 truere
198 2095 385 2176 cupientem,
408 2093 554 2156 infestam
578 2095 695 2176 pariter
718 2095 920 2176 inuisamque.
969 2095 1031 2168 uel,
1056 2097 1080 2156 si
1104 2089 1248 2170 uidetur,
1274 2095 1313 2156 sit

96 2201 181 2279 qualis
207 2202 291 2281 apud
316 2209 404 2263 uates
428 2209 554 2262 nostros
578 2209 634 2274 est,

296 2311 480 2383 sanguineum
504 2311 633 2384 quatiens
655 2309 757 2366 dextra
783 2309 903 2367 Bellona
919 2311 1081 2387 flagellum,

298 2407 352 2456 aut
363 2387 458 2456 'scissa
477 2399 605 2472 gaudens
628 2398 710 2456 uadit
730 2398 887 2456 Discordia
905 2395 1000 2474 palla,

97 2511 141 2562 aut
161 2503 186 2564 si
209 2523 271 2584 qua
295 2504 397 2584 magis
420 2503 488 2564 dira
511 2500 605 2564 facies
629 2501 803 2581 excogitari
827 2501 884 2562 diri
908 2501 1051 2564 adfectus
1074 2511 1189 2586 potest.
1327 2528 1353 2568 uu

72 2619 78 2668 1
170 2607 323 2671 XXXVI.
365 2607 579 2689 Quibusdam,
604 2617 637 2668 ut
653 2609 696 2669 ait
719 2606 857 2682 Sextius
880 2608 965 2670 iratis
986 2607 1103 2688 proluit
1127 2610 1313 2691 adspexisse

95 2715 253 2793 speculum.
306 2715 502 2797 perturbauit
540 2714 608 2776 illos
644 2723 733 2776 tanta
772 2714 905 2775 mutatio
943 2714 998 2776 sui.
1052 2713 1136 2776 uelut
1175 2715 1206 2774 in
1244 2735 1312 2778 rem

95 2829 283 2898 praesentem
315 2821 443 2884 adducti
470 2841 535 2882 non
574 2829 771 2900 agnouerunt
795 2839 837 2882 se.
885 2830 916 2882 et
947 2820 1132 2901 quantulum
1164 2840 1206 2882 ex
1237 2841 1313 2884 uera

70 2925 285 2990 adeformitate
316 2928 423 3008 imago
454 2926 504 2989 illa
532 2925 660 3007 speculo
689 2947 872 3008 repercussa
911 2925 1088 2988 reddebat?
1135 2927 1256 2988 animus
1287 2929 1312 2990 si

96 3035 210 3095 ostendi
233 3044 266 3096 et
289 3035 315 3096 si
336 3033 367 3096 in
391 3033 452 3095 ulla
483 3033 615 3096 materia
641 3033 803 3114 perlucere
826 3043 951 3116 posset,
982 3034 1129 3095 intuentis
1153 3053 1212 3096 nos
1236 3055 1309 3096 con·
1326 3060 1352 3100 as

94 3136 226 3203 funderet
257 3149 326 3204 ater
357 3139 598 3222 maculosusque
630 3149 662 3202 et
692 3148 839 3202 aestuans
871 3148 902 3200 et
935 3139 1086 3202 distortus
1109 3149 1141 3202 et
1164 3141 1312 3204 tumidus.

94 3265 167 3308 nunc
188 3267 316 3329 quoque
338 3255 428 3310 tanta
451 3246 635 3310 deformitas
659 3246 723 3308 eius
755 3255 803 3308 est
835 3266 892 3327 per
916 3266 989 3308 ossa
1011 3266 1184 3327 carnesque
1207 3258 1240 3309 et
1262 3257 1323 3311 tot·

67 3361 78 3410 t
93 3350 299 3432 inpedimenta
336 3353 507 3415 effluentis:
557 3352 632 3434 quid
670 3353 695 3414 si
733 3354 835 3413 nudus
882 3355 1121 3414 ostenderetur?
1182 3354 1311 3435 speculo

94 3459 210 3537 quidem
234 3460 393 3522 neminem
418 3460 602 3522 deterritum
626 3459 667 3523 ab
691 3459 736 3521 ira
759 3459 947 3521 credideris:
974 3460 1059 3540 quid,
1074 3462 1170 3539 ergo?
1194 3461 1247 3540 qui
1269 3462 1312 3522 ad

93 3567 243 3644 speculum
260 3576 398 3641 uenerat,
414 3575 448 3628 ut
462 3587 497 3627 se
514 3575 659 3641 mutaret,
679 3567 742 3628 iam
760 3574 946 3628 mutauerat.
981 3566 1066 3627 iratis
1082 3566 1212 3648 quidem
1229 3566 1352 3630 nullasu

94 3683 136 3734 est
157 3671 325 3736 formosior
341 3671 460 3753 effigies
483 3692 580 3753 quam
604 3683 699 3734 atrox
723 3681 755 3734 et
779 3671 908 3734 horrida
928 3672 1098 3753 qualesque
1123 3693 1192 3734 esse
1216 3673 1311 3736 etiam

96 3843 298 3916 lcui'extraffi’
320 3848 519 3914 extramuros.)
603 3847 715 3897 Ruultus
794 3846 934 3911 limpetus
1013 3865 1039 3898 se
1051 3837 1078 3896 ns
1100 3848 1137 3915 (iu
1157 3851 1228 3914 ras.)

95 3933 163 3986 baut
180 3939 211 3986 ad
231 3940 250 4003 (t
269 3939 303 3986 ad
321 3937 405 4002 corr.)
478 3936 587 4000 dpoete
606 3936 643 3998 (in
663 3933 731 4000 rau.)
805 3936 930 3986 succincta
1004 3933 1111 4000 analis
1183 3937 1311 3988 Steterri·

95 4039 145 4072 mae
161 4023 265 4079 [lausa
287 4026 417 4076 deterrime
437 4023 496 4076 cod.
516 4025 578 4073 deae
596 4025 750 4073 taeterrimae
771 4019 853 4075 Gertz
957 4022 989 4076 13
1010 4025 1106 4086 uesanis
1208 4025 1311 4073 offusam

96 4113 123 4174 (ff
137 4111 162 4164 iu
179 4115 244 4181 ros.)
321 4113 353 4166 15
372 4115 474 4163 maria*
499 4113 520 4176 (s
539 4111 659 4176 erasum)
734 4110 765 4163 1¹7
785 4119 844 4176 aput
917 4111 951 4164 20
970 4114 1071 4162 affectus
1091 4111 1181 4182 (prior
1200 4113 1211 4161 s
1228 4111 1310 4176 corr.)

160 4202 188 4254 21
209 4203 332 4267 aspexisse
350 4203 475 4266 speculum
495 4201 598 4254 iuras,
676 4199 709 4252 2ss
729 4200 895 4264 maculosusq;
917 4203 940 4265 (ς
963 4201 1045 4266 corr.)
1124 4198 1157 4250 29
1177 4200 1311 4250 credideris

95 4275 323 4392 ΜαιὶιιὲμΜςτεάἶεΑ
416 4297 450 4352 30
469 4305 573 4348 mutaret
594 4297 645 4363 (mu
664 4295 748 4364 corr.)
845 4297 877 4348 31
899 4296 1032 4347 formosior
1052 4299 1110 4360 (sior
1129 4299 1213 4363 corr.)

97 4409 298 4514 qualeqseetiam
319 4423 514 4518 (egsuprascr.
536 4464 570 4501 m.
586 4447 643 4515 pr.)

1058 4536 1097 4589 ge
