3212 5318
271 368 350 410 DlAL.
364 367 404 410 xi.
435 367 476 408 ab
491 365 626 406 nstvtau
645 361 774 406 Ml'rxala
791 365 830 404 llll
845 363 1086 407 consonatione.
1116 369 1135 408 l.
1257 371 1320 434 253

97 514 179 586 sisse,
213 531 281 593 quo
312 513 453 594 genitum
484 519 541 574 est.
595 511 744 572 adsiduus
775 509 897 589 generis
928 509 1054 574 humani
1085 512 1240 574 discursus
1264 517 1321 576 est.

13 643 14 654 ¹
98 621 206 681 cotidie
231 619 349 700 aliquid
373 621 402 680 in
426 627 493 680 tarn
518 636 637 698 magno
661 617 739 678 orbe
764 624 911 680 mutatur.
957 637 1041 678 noua
1065 618 1187 680 urbium
1212 619 1318 681 lunda·

98 733 196 788 menta
229 727 389 788 iaciuntur.
435 743 520 787 noua
551 724 690 803 gentium
716 723 844 784 nomina
867 724 1015 785 extinctis
1038 723 1192 804 prioribus
1215 735 1268 788 aut
1291 727 1321 788 in

97 835 305 894 accessionem
337 831 494 893 ualidioris
518 830 675 892 conuersis
705 829 853 891 oriuntur.
900 849 1012 892 omnes
1036 839 1141 894 autern
1166 833 1242 894 istae
1265 852 1321 913 po·

13 1017 14 1020 Ἴ
97 939 238 1021 palorum
278 921 561 1020 transportationes
600 937 675 1018 quid
712 935 795 998 aliud
825 955 920 1018 quarn
951 935 1076 1018 publica
1108 938 1200 1000 exilia
1230 943 1321 1002 sunt?
1351 957 1363 994 u

13 1049 15 1064 ¹
73 1063 83 1111 l
97 1048 163 1127 quid
180 1055 214 1107 te
231 1055 298 1107 tarn
316 1042 413 1124 longo
436 1044 563 1107 circuitu
587 1041 699 1106 traho?
731 1043 805 1122 quid
830 1043 958 1106 interest
978 1063 1161 1107 enumerare
1177 1045 1322 1108 Anteno-

13 1183 15 1208 z
97 1171 157 1214 rem
181 1152 293 1214 Pataui
320 1152 518 1214 conditorem
543 1159 575 1212 et
599 1149 783 1212 Euandrum
807 1149 838 1210 in
861 1149 926 1231 ripa
950 1150 1073 1213 Tiberis
1096 1171 1195 1232 regna
1222 1151 1322 1215 Arca-

13 1259 15 1316 ἕ
98 1260 167 1320 dum
191 1257 437 1320 conlocantem?
468 1256 543 1337 quid
568 1255 749 1318 Diomeden
773 1255 926 1336 aliosque,
956 1277 1036 1337 quos
1060 1257 1232 1320 Troianum
1257 1259 1329 1320 bel-

13 1369 15 1406 *
72 1366 154 1437 alum
172 1367 275 1428 uictos
291 1363 382 1426 simul
399 1364 597 1444 uictoresque
614 1381 670 1444 per
686 1361 801 1425 alienas
816 1371 916 1426 terras
936 1363 1117 1445 dissipauit?
1141 1365 1323 1428 Romanum

13 1505 15 1542 ς
95 1472 255 1554 imperium
280 1489 395 1552 nempe
419 1479 581 1532 auctorem
606 1468 734 1531 exulem
759 1469 888 1550 respicit.
928 1489 1022 1551 quem
1045 1469 1213 1552 profugum
1231 1480 1324 1554 capta
1341 1483 1363 1524 ¹0

97 1579 200 1659 patria,
225 1577 357 1658 exiguas
380 1575 526 1658 reliquias
550 1574 727 1638 trahentem
752 1577 922 1638 necessitas
946 1585 978 1639 et
994 1577 1119 1640 uictoris
1136 1587 1239 1640 metus
1255 1578 1322 1640 lon-

97 1687 207 1768 ginqua
238 1691 443 1766 quaerentem
474 1683 505 1744 in
536 1681 657 1744 ltaliam
691 1681 811 1746 detulit.
857 1682 907 1746 hic
939 1684 1053 1746 deinde
1081 1684 1216 1765 populus
1246 1694 1325 1766 quot

14 1773 15 1778 ἵ
97 1792 230 1854 colonias
256 1791 289 1851 in
313 1809 442 1852 omnem
467 1789 660 1870 prouinciam
692 1788 797 1851 misit?
829 1788 1017 1870 ubicumque
1048 1790 1128 1866 uicit,
1160 1791 1325 1854 Romanus

96 1897 221 1961 habitat.
261 1899 303 1958 ad
326 1896 407 1958 hanc
431 1895 714 1958 commutationem
739 1895 881 1958 locorum
906 1895 1038 1958 libentes
1062 1898 1190 1960 nomina
1206 1897 1326 1961 dabant

14 2081 15 2084 Ἴ
72 2013 125 2067 aet
155 2004 270 2066 relictis
299 2004 359 2065 aris
386 2002 449 2064 suis
472 2011 558 2064 trans
583 2001 679 2063 maria
703 2002 894 2082 sequebatur
917 2002 1047 2065 colonos
1072 2003 1229 2066 uexillum.
1275 2023 1325 2066 res
1343 2026 1365 2065 rs

14 2099 15 2136 l
98 2112 221 2191 quidem
253 2129 316 2172 non
342 2109 501 2172 desiderat
524 2107 658 2190 plurium
684 2109 962 2202 enumerationem.
1009 2128 1105 2172 unum
1128 2119 1236 2172 tamen
1261 2111 1324 2174 adi-

98 2219 180 2294 ciam,
204 2217 293 2298 quod
316 2215 346 2278 in
363 2214 472 2278 oculos
495 2236 529 2278 se
552 2215 670 2296 ingerit.
710 2215 788 2276 haec
811 2216 878 2298 ipsa
901 2215 999 2278 insula
1022 2236 1117 2298 saepe
1140 2218 1201 2280 iam
1225 2217 1324 2280 culto-

99 2345 143 2385 res
165 2325 307 2386 mutauit.
348 2331 384 2386 ut
407 2322 592 2403 antiquiora,
615 2341 697 2402 quae
721 2331 860 2384 uetustas
884 2321 1028 2398 obduxit,
1052 2332 1219 2399 transeam,
1242 2324 1324 2386 Pho-

99 2431 162 2492 cide
184 2429 292 2492 relicta
315 2428 406 2504 Grai,
430 2430 483 2510 qui
506 2448 589 2490 nunc
614 2427 784 2492 Massiliam
809 2427 956 2504 incolunt,
981 2431 1066 2510 prius
1089 2433 1121 2492 in
1145 2430 1205 2492 hac
1227 2421 1326 2494 insula

101 2538 319 2611 consederunt,
350 2557 391 2598 ex
415 2555 477 2617 qua
500 2536 576 2616 quid
600 2555 656 2597 eos
679 2533 842 2616 fugauerit,
866 2536 1017 2598 incertum
1042 2546 1098 2612 est,
1123 2546 1227 2600 utrum
1251 2537 1367 2600 caelico

102 2646 232 2722 grauitas
264 2663 304 2704 an
340 2642 556 2724 praepotentis
587 2640 693 2704 ltaliae
724 2651 911 2722 conspectus
942 2661 982 2704 an
1012 2652 1123 2706 natura
1142 2645 1327 2725 inportuosi

101 2749 208 2812 maris:
243 2768 318 2811 narn
348 2749 380 2809 in
411 2767 505 2810 causa
534 2767 597 2808 non
622 2747 714 2810 fuisse
743 2748 898 2810 feritatem
923 2749 1101 2812 accolarum
1125 2769 1165 2812 eo
1188 2760 1327 2834 apparet,

102 2858 183 2935 quod
213 2857 355 2918 maxime
379 2863 453 2917 tunc
476 2854 613 2917 trucibus
637 2863 669 2916 et
693 2853 862 2917 inconditis
886 2853 1006 2918 Galliae
1028 2855 1153 2938 populis
1176 2875 1211 2918 se
1234 2859 1326 2919 inter-

75 2969 277 3042 oposuerant.
322 2955 510 3046 transierunt
533 2962 649 3023 deinde
672 2961 804 3042 Ligures
827 2964 857 3023 in
881 2981 960 3038 eam,
989 2963 1176 3025 transierunt
1199 2972 1231 3024 et
1254 2963 1327 3026 His·

104 3071 185 3147 pani,
216 3069 305 3150 quod
336 3088 378 3129 ex
410 3069 611 3132 similitudine
634 3069 710 3130 ritus
734 3079 886 3150 apparet:
920 3072 1033 3134 eadem
1057 3072 1140 3134 enim
1164 3080 1328 3152 tegmenta
1342 3085 1367 3126 aa

105 3178 234 3257 capitum
258 3175 407 3256 idemque
430 3195 529 3256 genus
552 3175 764 3250 calciamenti,
787 3177 875 3256 quod
900 3173 1064 3240 Cantabris
1089 3187 1151 3254 est,
1176 3187 1207 3240 et
1231 3177 1328 3240 uerba

105 3284 263 3361 quaedam.
303 3302 377 3344 narn
401 3289 487 3344 totus
510 3301 617 3344 sermo
641 3283 880 3345 conuersatione
903 3282 1098 3346 Graecorum
1115 3285 1328 3366 Ligurumque

106 3405 123 3448 a
143 3391 241 3469 patrio
266 3388 406 3452 desciuit.
451 3389 609 3452 deductae
633 3389 749 3452 deinde
772 3398 845 3451 sunt
867 3391 948 3452 duae
971 3391 1084 3453 ciuium
1108 3391 1327 3453 Romanorum

107 3493 254 3569 coloniae,
286 3495 385 3558 altera
414 3515 433 3556 a
464 3493 582 3570 Mari0,
613 3494 712 3558 altera
739 3515 758 3558 a
789 3493 896 3559 Sulla:
929 3497 1045 3558 totiens
1076 3496 1166 3559 huius
1197 3497 1273 3560 aridi
1296 3505 1328 3560 et

13 3617 14 3624 ¹
64 3609 91 3662 10
107 3603 216 3680 spinosi
250 3601 320 3664 saxi
351 3609 490 3664 mutatus
511 3611 569 3664 ⁴est
600 3601 745 3684 populus.
799 3603 853 3663 uix
892 3603 1027 3683 denique
1064 3603 1201 3665 inuenies
1233 3602 1327 3667 ullam
1342 3619 1367 3658 ³⁰

107 3711 223 3784 terram,
247 3729 342 3790 quam
367 3710 546 3772 etiamnunc
569 3709 736 3789 indigenae
759 3707 872 3771 c'olant.
917 3705 1077 3790 permixta
1099 3711 1205 3772 omnia
1229 3720 1270 3776 et¹
1284 3713 1327 3772 in-

109 3811 198 3876 siticia
227 3822 308 3878 sunt.
354 3813 431 3877 alius
461 3815 512 3877 alii
540 3817 696 3879 successit.
741 3814 791 3878 hic
820 3815 1006 3898 concupiuit,
1029 3817 1115 3898 quod
1138 3814 1178 3879 illi
1202 3815 1328 3879 fastidio

111 3971 310 3982 m—

113 4072 351 4180 aulspomtiones
443 4116 652 4182 albumazar.)
743 4115 843 4181 puplica
932 4114 1073 4169 beircliitu
1162 4116 1192 4168 11
1214 4117 1327 4182 reliquias

112 4202 214 4255 trahente
233 4203 271 4270 (as
290 4211 312 4252 tr
330 4204 358 4257 a'n
376 4205 444 4270 rus.)
549 4189 721 4258 illustrata
825 4204 857 4256 15
883 4203 996 4262 uexillum
1017 4201 1145 4274 Maduiq:
1166 4221 1239 4255 senex

562 4305 572 4333 S

114 4338 143 4393 19
161 4347 219 4408 graii
238 4347 264 4414 (ii
283 4345 311 4398 irc
330 4350 398 4412 rus.)
489 4347 522 4399 25
543 4348 720 4398 eximilitudlne
735 4348 757 4416 (s
770 4363 803 4400 m.
812 4362 858 4416 pr.
872 4353 901 4400 ut
914 4345 1034 4412 uidetur)
1124 4345 1158 4400 29
1178 4347 1239 4412 sylla

115 4461 144 4514 31
163 4467 262 4519 insiticia
281 4476 334 4520 sunt
348 4467 498 4524 Pinclarms
515 4469 623 4539 (insitiua
641 4477 694 4520 sunt
709 4467 817 4538 Gertz):
839 4473 946 4520 instituta
965 4479 1018 4522 sunt
1109 4469 1143 4524 32
1162 4447 1202 4521 a'li¹
