3184 5318
288 346 350 406 176
509 340 589 383 olm..
600 340 650 385 Vll.
678 340 721 382 AD
736 339 914 383 GALLIONEM
930 340 970 382 Da
984 340 1054 382 VITA
1070 339 1169 382 ΒΕΑΤΑ
1205 341 1239 382 22.
1254 341 1288 382 23.

285 485 440 561 habeant,
470 507 566 568 quem
590 488 676 568 apud
699 492 773 550 me?
819 489 865 550 uis
888 485 983 561 scire,
1006 507 1101 568 quam
1126 506 1189 548 non
1213 486 1352 548 habeant
1375 485 1499 548 eundem

285 591 409 654 locum?
439 593 514 656 mihi
537 595 663 657 diuitiae
685 596 711 656 si
734 594 920 670 effluxerint,
943 592 1017 657 nihil
1040 592 1181 656 auferent
1203 593 1260 654 nisi
1279 601 1385 684 semet
1407 592 1497 672 ipsas:

285 709 318 762 tu
341 700 481 783 stupebis
505 709 537 762 et
561 700 717 764 uideberis
739 701 796 764 tibi
819 702 885 765 sine
909 711 941 763 te
957 701 1089 776 relictus,
1112 702 1138 763 si
1154 698 1221 762 illae
1236 719 1257 761 a
1272 707 1305 761 te
1320 698 1501 760 recesserint.

284 808 370 888 apud
401 828 453 869 me
484 809 609 870 diuitiae
639 807 775 888 aliquem
799 808 904 872 locum
928 807 1063 882 habent,
1094 808 1179 889 apud
1202 815 1235 867 te
1257 824 1435 866 summum:
1466 805 1501 866 ad

245 927 258 963 ⁵
285 922 483 994 postremum
506 915 633 977 diuitiae
656 935 747 978 meae
770 925 850 990 sunt,
874 924 909 978 tu
932 916 1110 980 diuitiarum
1134 935 1175 976 es

373 1019 488 1083 XXIII.
525 1021 644 1084 Desine
677 1042 755 1103 ergo
785 1021 981 1104 phiIosophis
999 1020 1143 1102 'pecunia
1172 1019 1376 1084 interdicere:
1415 1031 1526 1081 nemol

284 1127 470 1208 sapientiam
493 1139 679 1210 paupertate
703 1130 873 1192 danmauit.
906 1129 1037 1193 habebit
1060 1127 1268 1210 philosophus
1288 1124 1409 1206 amplas
1424 1143 1503 1204 opes,

245 1295 249 1304 ,
284 1234 340 1296 sed
371 1234 444 1296 nulli
475 1236 635 1298 detractas
663 1255 722 1298 nec
744 1235 846 1298 alieno
870 1237 1022 1316 sanguine
1045 1244 1205 1309 cruentae,
1236 1235 1302 1296 sine
1331 1233 1502 1312 cuiusquam

230 1427 232 1432 Ι
284 1339 391 1401 iniuria
421 1349 544 1422 partas,
574 1343 640 1404 sine
668 1342 804 1405 sordidis
825 1343 1021 1424 quaestibus,
1053 1361 1186 1422 quarum
1210 1350 1276 1403 tam
1300 1339 1448 1400 honestus
1469 1337 1503 1398 sit

246 1467 270 1508 u
284 1437 388 1510 exitus
411 1468 507 1528 quam
531 1450 690 1523 introitus,
721 1449 835 1529 quibus
858 1469 954 1512 nemo
978 1450 1174 1530 ingemescat
1196 1447 1252 1510 nisi
1277 1445 1436 1526 mahgnus.
1477 1443 1503 1504 in

284 1563 437 1635 quantum
461 1556 506 1618 uis
530 1575 692 1636 exaggera
715 1555 800 1618 Illas:
835 1555 990 1619 honestae
1012 1565 1101 1632 sunt,
1132 1557 1163 1618 in
1185 1553 1299 1634 quibus
1323 1573 1394 1614 curn
1417 1549 1504 1612 multa

284 1662 360 1735 sint,
385 1682 466 1742 quae
489 1682 546 1725 sua
569 1664 700 1743 quisque
724 1664 784 1726 dici
808 1663 900 1739 uelit,
931 1663 1006 1725 nihil
1029 1672 1092 1738 est,
1124 1663 1212 1744 quod
1235 1661 1401 1742 quisquam
1423 1676 1503 1718 suurn

284 1770 392 1850 possit·
410 1769 522 1832 dicere.
553 1768 604 1831 ille
628 1790 704 1832 uero
727 1768 874 1834 fortunae
890 1770 1117 1851 benignitatem
1134 1790 1154 1833 a
1169 1789 1203 1830 se
1219 1788 1284 1831 non
1299 1763 1504 1830 summouebit
1518 1775 1530 1826 2

285 1884 321 1946 et,
349 1877 540 1956 patrimonio
568 1896 625 1958 per
648 1876 782 1940 honesta
804 1879 948 1957 quaesito
972 1898 1030 1938 nec
1053 1876 1238 1957 gloriabitur
1260 1894 1320 1936 nec
1344 1872 1502 1936 erubescet.
1584 1911 1587 1930 .

248 1999 270 2036 ¹5
284 1981 415 2046 habebit
438 1990 546 2046 tamen
569 1986 664 2046 etiam
689 2004 753 2064 quo
776 1984 939 2065 glorietur,
964 1984 989 2044 si
1011 1991 1123 2063 aperta
1146 1983 1245 2044 domo
1269 1991 1304 2043 et
1326 1979 1458 2043 admissa
1478 1978 1503 2037 in

211 2165 214 2170 Ι
284 2109 333 2150 res
365 2109 438 2151 suas
469 2089 594 2152 ciuitate
625 2092 743 2170 poterit
773 2092 897 2154 dicere:
932 2090 1018 2170 quod
1047 2089 1179 2169 quisque
1203 2089 1386 2169 agnouerit,
1415 2083 1503 2146 tollat.

284 2215 304 2256 o
329 2211 480 2276 magnum
505 2197 614 2284 uirum,
639 2218 659 2257 ο
682 2198 804 2278 optime
829 2198 975 2272 diuitem,
998 2198 1024 2258 si
1047 2197 1227 2278 posthanc
1252 2215 1366 2258 uocem
1390 2202 1502 2257 tantun-

285 2304 359 2364 dem
390 2303 554 2366 habuerit!
589 2304 633 2365 ita
664 2304 751 2378 dicu,
783 2305 808 2364 si
838 2313 910 2367 tuto
939 2313 972 2366 et
995 2323 1123 2365 securus
1145 2304 1374 2366 scrutationem
1396 2298 1502 2382 populo

283 2409 479 2489 praebuerit,
511 2410 536 2470 si
567 2408 641 2472 nihil
671 2413 837 2492 quisquam
869 2412 954 2492 apud
984 2409 1069 2472 illum
1101 2410 1271 2485 inuenerit,
1302 2409 1378 2489 quoi
1405 2426 1504 2470 manus

244 2528 270 2569 ²⁰
285 2515 397 2590 iniciat,
422 2516 584 2598 audaciter
607 2525 640 2578 et
661 2516 828 2599 propalam
852 2517 910 2580 erit
934 2519 1030 2579 diues.
1069 2517 1194 2598 sapiens
1218 2499 1339 2578 nullum
1356 2514 1530 2577 denarium3

284 2621 366 2683 intra
395 2621 490 2682 limen
522 2642 612 2684 suum
644 2624 793 2686 admittet
824 2623 907 2686 male
935 2624 1112 2686 intrantem.
1160 2621 1244 2684 idem
1275 2642 1406 2704 magnas
1427 2638 1503 2700 opes,

284 2747 397 2790 munus
429 2727 573 2808 fortunae
601 2727 800 2809 fructumque
823 2730 962 2804 uirtutis,
993 2751 1058 2792 non
1082 2729 1260 2810 repudiabit
1283 2749 1344 2791 nec
1366 2727 1502 2790 excludet.

284 2834 360 2912 quid
384 2837 467 2895 enim
492 2843 540 2896 est
564 2855 661 2914 quare
684 2834 741 2897 illis
764 2836 852 2899 bono
876 2835 948 2899 loco
964 2837 1124 2902 inuideat?
1148 2837 1285 2910 ueniant,
1310 2835 1502 2917 hospitentur.

286 2959 345 3000 nec
368 2940 498 3002 iactabit
512 2940 579 3002 illas
595 2961 654 3002 nec
669 2941 862 3006 abscondet:
888 2943 1021 3006 alterum
1039 2943 1175 3006 infruniti
1191 2945 1288 3006 anirni
1304 2951 1362 3017 est,
1385 2940 1502 3004 alterum

246 3060 271 3100 rr
287 3044 387 3106 timidi
423 3055 457 3108 et
491 3046 592 3125 pusilli
623 3047 709 3109 uelut
740 3068 891 3128 magnum
923 3049 1044 3111 bonum
1074 3050 1157 3111 intra
1186 3052 1289 3128 sinum
1321 3046 1502 3111 continentis

287 3170 353 3224 nec,
377 3161 412 3214 ut
433 3152 507 3226 dixi,
531 3155 622 3246 eiciet
638 3153 705 3215 illas
721 3174 740 3215 e
755 3156 863 3217 dome.
895 3157 970 3235 quid
991 3158 1075 3217 enim
1097 3158 1203 3218 dicet?
1228 3165 1376 3219 utrumne
1395 3149 1530 3215 inutilesl

435 3413 468 3448 sc.
484 3369 585 3447 diuitiae
597 3414 618 3450 c.
632 3404 680 3464 qua

288 3466 437 3528 l,habe'ant
455 3484 529 3532 quam
549 3469 615 3533 apud
634 3486 674 3519 me
693 3470 845 3538 (strprascr.
866 3487 899 3523 m.
919 3486 973 3524 rec.
994 3473 1010 3520 d
1028 3476 1113 3530 corr.)
1224 3470 1241 3524 3
1267 3471 1310 3522 ille
1415 3469 1431 3520 4
1447 3465 1502 3531 apud

287 3589 313 3651 (d
332 3590 416 3655 corr.)
508 3591 540 3640 ad
559 3600 708 3657 postremum
724 3591 780 3645 13¹:
802 3611 832 3644 ac
845 3605 993 3659 postremum
1085 3571 1239 3659 6pecunia⁵
1247 3595 1398 3664 (suprascr.
1409 3567 1501 3651 msrrc.)

376 3676 534 3742 9quesribus
624 3677 658 3732 10
677 3682 798 3746 malignus
818 3683 839 3748 (s
859 3683 969 3750 r'nras.)
1031 3683 1096 3735 ’12
1115 3684 1163 3732 sint
1182 3685 1208 3732 in
1227 3700 1271 3734 sua
1291 3686 1373 3748 quisq;
1394 3683 1440 3731 dici
1456 3678 1502 3728 uelil

288 3815 326 3883 (in
344 3831 431 3886 marg.
451 3834 484 3869 m.
504 3822 520 3872 4
541 3838 562 3872 c.
581 3841 628 3888 que
646 3839 689 3872 sua
707 3839 766 3887 qsqs
784 3824 833 3873 dici
852 3825 919 3892 uelit)
1023 3824 1056 3877 13
1085 3769 1214 3876 11111111εο11)Ϊι
1226 3826 1381 3895 (suprascr.
1400 3840 1432 3876 m.
1449 3833 1502 3895 rec.)
1581 3805 1582 3814 ¹

398 3905 428 3956 15
447 3906 564 3970 glorietur
583 3908 661 3963 deri:
682 3911 816 3974 glorientur
944 3913 975 3965 16
1001 3916 1108 3980 quisq;*
1222 3913 1254 3966 l?
1284 3917 1373 3974 uirum»
1392 3931 1407 3962 0
1425 3910 1502 3975 ⁰1³¹I¹¹¹e

288 3993 389 4042 diuitem
409 3991 532 4062 Lapst'us:
554 3999 609 4047 uiril
629 3996 702 4063 (Iac.)
722 3982 815 4063 optime
833 4002 934 4052 diuitem
953 4001 1013 4055 cod.
1034 4001 1070 4070 cf.
1090 4019 1153 4073 epp.
1167 4007 1211 4067 70,
1232 4005 1265 4055 21
1288 4021 1304 4052 ο
1324 4005 1402 4053 ulrum
1421 4002 1502 4052 sortem,

288 4096 304 4128 ο
323 4082 434 4145 dignum,
454 4080 502 4134 ubi
518 4082 619 4136 iniuria
639 4083 730 4137 Haase
748 4084 861 4141 alterum
880 4107 896 4139 ο
914 4089 1023 4143 inclusit
1134 4091 1165 4144 19
1191 4093 1260 4157 apud
1281 4093 1309 4158 (d
1330 4092 1413 4156 corr.)

289 4170 347 4230 quoi
367 4165 498 4238 Maduiq:
525 4186 573 4233 quo
599 4185 658 4223 cum
683 4187 784 4226 rasura
927 4178 961 4231 20
986 4181 1102 4230 audacter
1127 4181 1210 4245 (irater
1228 4199 1242 4230 c
1263 4188 1291 4234 et
1309 4187 1318 4230 t
1338 4183 1347 4230 i
1366 4177 1454 4239 erasa)
1474 4168 1502 4239 cf·

292 4251 452 4326 Brambach.
468 4255 527 4308 Lat.
544 4254 670 4326 Orthoqr.
688 4274 715 4328 p.
731 4263 780 4312 202
870 4265 901 4316 21
923 4268 1058 4318 admittet*
1078 4267 1239 4334 (lanieras.)
1335 4267 1369 4321 22
1383 4260 1502 4331 repudiabit

291 4341 318 4404 (b
337 4355 408 4408 estu
428 4344 511 4408 60111
613 4343 646 4396 24
667 4348 767 4398 iactauit
786 4351 810 4415 (u
829 4352 856 4404 iu
874 4354 891 4402 b
910 4357 993 4422 corr.)
1097 4356 1131 4408 25
1151 4359 1303 4408 continentis
1323 4357 1361 4421 (iu
1381 4369 1460 4422 rnarq.
1476 4363 1502 4402 m.

291 4431 307 4478 4
327 4446 347 4478 c.
367 4437 401 4479 no
422 4432 581 4506 continentis).
