3272 5334
313 366 332 422 4
529 358 609 399 mut„
631 359 649 402 Ι.
670 359 771 410 QVARE
789 359 901 411 nuova
921 360 1109 403 lNCOthODA
1127 361 1216 404 souis
1235 361 1314 402 VIRIS

310 503 482 566 constantis
512 505 603 566 animi
634 506 809 570 inruentem
840 505 939 570 seram
962 505 1120 569 uenabulo
1146 507 1286 588 excepit,
1316 508 1342 570 si
1364 506 1465 570 leonis
1486 508 1527 570 in-

305 631 432 672 cursum
462 611 620 674 interritus
649 612 792 694 pertulit,
827 622 981 694 tantoque
1003 613 1066 675 hoc
1093 613 1308 696 spectaculum
1331 623 1380 676 est
1404 615 1526 695 gratius,

305 725 426 797 quanto
455 718 488 779 id
519 717 681 780 honestior
713 718 794 782 fecit
839 739 904 781 non
936 728 1011 783 sunt
1040 720 1115 794 ista,
1144 739 1226 800 quae
1252 720 1374 801 possint
1396 719 1526 782 deorum

304 823 336 884 in
358 845 393 888 se
417 824 538 886 uoltum
562 836 763 901 conuertere,
794 826 921 908 puerilia
951 835 984 888 et
1013 825 1169 888 humanae
1196 825 1432 888 oblectamenta
1455 826 1525 888 leui-

278 933 387 992 stans.
434 951 508 994 ecce
531 933 744 1014 spectaculum
776 933 907 1014 dignum
939 933 980 994 ad
1002 933 1092 1013 quod
1115 933 1259 1014 respiciat
1282 933 1419 995 intentus
1442 934 1525 1014 operi
1542 935 1556 979 *l

303 1057 362 1099 suo
393 1039 489 1114 deus,
519 1058 594 1100 ecce
624 1059 681 1121 par
711 1040 774 1101 deo
804 1040 956 1120 dignum,
993 1040 1038 1100 uir
1068 1038 1156 1100 sortis
1186 1059 1259 1100 cum
1288 1037 1414 1101 fortuna
1445 1039 1526 1101 mala

304 1146 503 1226 conpositus,
541 1147 649 1225 utique
677 1147 703 1206 si
734 1156 766 1208 et
796 1146 989 1228 prouocauit
1035 1165 1100 1207 non
1131 1145 1241 1219 uideo,
1278 1146 1422 1225 inquam,
1452 1147 1525 1226 quid

303 1249 421 1313 habeat
450 1252 480 1312 in
510 1253 600 1314 tern's
630 1251 769 1334 Iuppiter
798 1249 972 1333 pulchrius,
1003 1253 1028 1312 si
1058 1260 1244 1314 conuertere
1274 1252 1413 1312 animum
1446 1251 1525 1326 uelit,
1576 1240 1579 1248 ¹

302 1376 399 1437 quam
423 1365 458 1419 ut
479 1368 600 1439 spectet
623 1358 778 1421 Catonem
807 1359 869 1420 iam
892 1357 1034 1439 partibus
1056 1377 1121 1419 non
1143 1356 1242 1418 semel
1264 1357 1368 1419 fractis
1390 1368 1524 1420 stantem

265 1475 289 1514 ¹⁰
303 1462 399 1525 nihilo
423 1465 525 1526 minus
546 1466 627 1526 inter
649 1465 753 1526 ruinas
775 1463 915 1546 publicas
938 1473 1068 1525 rectum.
1114 1462 1210 1537 „licet
1233 1465 1344 1544 inquit,
1367 1465 1474 1526 omnia
1495 1465 1524 1524 in
1544 1461 1568 1512 ¹⁰

303 1571 392 1632 unius
407 1571 562 1632 dicionem
579 1572 799 1645 concesserint,
822 1571 1038 1633 custodiantur
1058 1569 1234 1650 legionibus
1249 1581 1360 1644 terrae,
1377 1570 1524 1645 classibus

302 1677 409 1752 maria,
433 1675 636 1739 Caesarianus
659 1688 768 1758 portas
791 1677 881 1738 miles
903 1677 1069 1738 obsideat:
1104 1675 1186 1738 Cato
1216 1697 1280 1757 qua
1302 1687 1398 1740 exeat
1419 1676 1524 1739 habet.

301 1803 364 1844 una
394 1803 489 1845 manu
518 1783 616 1846 latam
647 1783 781 1846 libertati
805 1784 888 1844 uiam
912 1782 1012 1844 faciet.
1056 1781 1172 1844 serrum
1201 1783 1299 1858 istud,
1329 1785 1423 1846 etiam
1447 1783 1524 1846 ciuili

302 1889 386 1952 bello
409 1911 522 1971 purum
546 1901 578 1952 et
601 1891 773 1965 innoxium,
804 1889 907 1952 bonas
929 1891 1060 1952 tandem
1083 1910 1121 1950 ac
1147 1889 1269 1952 nobiles
1292 1891 1367 1952 edet
1389 1911 1521 1972 operas:

265 2015 287 2053 15
301 1996 479 2059 libertatem
518 2017 614 2078 quam
654 1997 774 2078 patriae
810 2017 875 2059 non
905 1997 1022 2078 potuit,
1054 1995 1167 2058 Catoni
1197 1994 1293 2058 dabit
1338 1998 1523 2077 adgredere,

301 2105 413 2178 anime,
444 2104 495 2164 diu
519 2105 706 2165 meditatum
729 2123 818 2184 opus,
849 2105 935 2185 eripe
964 2113 998 2166 te
1020 2102 1115 2165 rebus
1137 2103 1290 2164 humanis.
1334 2103 1397 2164 iam
1417 2103 1522 2166 Petre-

300 2214 347 2272 ius
378 2219 411 2272 et
433 2210 512 2272 Iuba
541 2219 806 2272 concucurrerunt
835 2210 1000 2291 iacentque
1037 2209 1117 2272 alter
1152 2209 1277 2272 alterius
1307 2231 1402 2272 manu
1432 2212 1522 2274 caesi.

300 2317 388 2379 fortis
411 2326 443 2378 et
466 2319 595 2399 egregia
616 2316 670 2380 sati
686 2317 863 2391 conuenti0,
887 2318 945 2378 sed
960 2336 1042 2397 quae
1065 2337 1127 2377 non
1144 2318 1257 2378 deceat
1273 2317 1521 2397 magnitudinem

300 2434 450 2485 nostram.
496 2433 562 2485 tam
580 2422 584 2428 '
600 2432 693 2505 turpe
723 2433 772 2485 est
804 2422 924 2486 Catoni·
952 2432 1090 2484 mortem
1121 2421 1163 2484 ab
1193 2422 1257 2483 ullo
1286 2433 1395 2504 petere
1425 2444 1520 2504 quam

259 2545 286 2584 2⁰
301 2531 423 2590 uitam.“
469 2528 567 2611 liquet
590 2529 664 2590 mihi
687 2549 759 2590 cum
784 2549 901 2610 magno
924 2537 1084 2610 spectasse
1107 2529 1225 2609 gaudio
1249 2530 1340 2604 deos,
1371 2531 1449 2592 dum
1472 2530 1521 2590 ille
1538 2527 1563 2579 il

300 2637 361 2712 uir,
392 2637 560 2698 acerrimus
589 2637 636 2697 sui
660 2637 794 2711 uindex,
824 2636 944 2702 alienae
973 2636 1065 2698 saluti
1095 2635 1228 2698 consulit
1258 2646 1291 2699 et
1313 2636 1436 2697 instruit
1459 2637 1519 2698 dis-

299 2744 477 2805 cedentium
502 2742 625 2824 sugam,
657 2745 733 2806 dum
763 2743 866 2806 studia
895 2745 989 2806 etiam
1020 2753 1114 2805 nocte
1145 2742 1255 2805 ultima
1282 2751 1411 2818 tractat,
1443 2745 1518 2805 dum

299 2849 438 2929 gladium
462 2870 553 2911 sacro
569 2851 688 2928 pectori
711 2849 818 2932 infigit,
842 2851 919 2912 dum
936 2851 1055 2911 uiscera
1074 2850 1194 2930 spargit
1217 2860 1249 2912 et
1264 2848 1348 2912 illam
1363 2850 1531 2939 sanctissi-¹

299 2975 384 3017 mam
429 2957 567 3018 animam
605 2957 829 3038 indignamque
875 2977 957 3038 quae
995 2956 1076 3018 ferro
1116 2957 1381 3019 contaminaretur
1424 2977 1518 3018 manu

259 3077 284 3116 25
299 3063 412 3124 educit.
458 3063 530 3124 inde
561 3065 748 3125 crediderim
779 3063 872 3126 fuisse
906 3083 1018 3146 parum
1042 3075 1162 3124 certum
1194 3072 1226 3125 et
1250 3062 1363 3124 efficax
1386 3063 1515 3125 uolnus:
1540 3065 1563 3117 ¹2

297 3188 363 3230 non
385 3168 442 3230 luit
464 3169 512 3230 dis
535 3168 753 3232 inmortalibus
776 3171 851 3232 satis
866 3179 1010 3252 spectare
1027 3168 1182 3233 Catonem
1199 3168 1306 3230 semel.
1325 3227 1329 3234 ,
1344 3178 1469 3232 retenta
1483 3190 1519 3232 ac

298 3284 448 3336 reuocata
470 3276 566 3337 uirtus
590 3286 646 3352 est,
670 3285 705 3338 ut
724 3277 755 3337 in
771 3275 942 3338 difficiliore
957 3285 1047 3357 parte
1069 3297 1104 3337 se
1120 3277 1311 3338 ostenderet
1348 3296 1413 3337 non
1437 3277 1518 3338 enim

239 3425 240 3430 η
297 3391 363 3442 tam
395 3402 513 3463 magno
544 3384 649 3444 animo
680 3403 767 3445 mors
797 3385 889 3446 initur
918 3405 1014 3466 quam
1046 3386 1203 3466 repetitur.
1256 3384 1365 3465 quidni
1387 3382 1518 3444 libenter

296 3499 476 3570 spectarent
491 3489 648 3552 alumnum
664 3511 755 3552 suum
771 3501 838 3554 tam
851 3491 936 3553 claro
953 3513 990 3554 ac
1002 3491 1198 3554 memorabili
1212 3491 1298 3552 exitu
1311 3492 1516 3552 euadentem?

257 3609 282 3646 ³⁰
297 3615 384 3656 mors
406 3594 476 3657 illos
499 3605 670 3672 consecrat,
692 3617 828 3677 quorum
853 3599 975 3659 exitum
999 3606 1031 3659 et
1054 3600 1106 3678 qui
1129 3598 1242 3658 timent
1264 3597 1401 3658 laudant.

385 3702 437 3764 lll
461 3701 527 3765 Sed
557 3703 619 3764 iam
650 3705 845 3784 procedente
862 3706 1010 3781 oratione
1034 3705 1216 3778 ostendam,
1247 3723 1343 3784 quam
1370 3723 1435 3764 non
1457 3702 1547 3763 sinti

296 3828 378 3890 quae
401 3809 547 3872 uidentur
569 3812 670 3874 mala:
705 3831 787 3872 nunc
810 3809 884 3872 illud
908 3812 995 3887 dico,
1027 3814 1086 3874 ista
1116 3831 1197 3892 quac
1220 3820 1255 3873 tu
1279 3830 1374 3873 uocas
1398 3831 1516 3894 aspera,

298 4023 460 4075 lirruentem
540 4023 645 4076 luulh‘r
722 4025 777 4073 b'si
796 4042 826 4074 eo
846 4031 987 4074 conuertere
1002 4023 1132 4087 Goerenz,
1151 4023 1202 4078 sed
1217 4023 1280 4078 uide
1297 4023 1388 4078 deira
1402 4027 1426 4092 2,
1446 4027 1511 4086 3t,1

298 4131 377 4163 mures
396 4115 575 4179 formicaeque,
595 4117 615 4162 si
633 4131 733 4164 manum
753 4116 906 4176 admoueris,
926 4131 970 4164 oru
989 4122 1131 4164 conuertunt
1218 4115 1248 4166 10
1266 4116 1440 4164 nichilominus

285 4202 326 4252 'li
349 4202 468 4252 ditionem
488 4200 629 4255 Muretus:
646 4203 822 4253 condicionem
897 4204 929 4256 13
949 4207 998 4254 unffi
1017 4205 1117 4254 anulatis
1136 4205 1271 4270 (anulatam
1290 4219 1323 4256 m.
1338 4210 1352 4250 3
1373 4205 1400 4254 in
1418 4203 1513 4270 mary.)

385 4291 417 4342 15
437 4293 572 4357 aggredere
649 4292 680 4343 lli
700 4293 781 4356 anime
853 4292 888 4344 20
906 4293 982 4342 michi
1054 4299 1177 4356 spectasse
1195 4293 1261 4359 (ras.
1276 4299 1339 4346 aute
1351 4294 1391 4359 sp)
1457 4294 1513 4340 dum

295 4376 401 4432 Haase:
422 4397 496 4445 quam
567 4381 600 4433 23
619 4383 732 4431 ἒείςείῐηᾶ
801 4382 834 4434 25
853 4383 937 4431 uulnus
1014 4382 1049 4432 26
1062 4383 1109 4430 diis
1123 4383 1303 4431 immortalibus
1367 4383 1400 4434 28
1420 4383 1515 4432 inicitur

294 4470 345 4524 sed
361 4485 432 4524 corr.
452 4473 525 4522 initur
602 4472 636 4523 29
655 4463 790 4538 spectarent
