3212 5326
427 364 560 410 D1n1..1v.
589 364 630 406 DE
645 364 698 405 IRA
712 363 767 408 LIB.
783 364 812 407 11.
843 367 875 409 ll.
891 367 924 408 12.
973 407 976 414 ,
1252 373 1292 434 65

89 521 166 576 terret
202 521 233 576 et
271 513 416 594 trepidat.
443 561 446 568 .
470 532 535 574 non
573 520 622 574 est
660 531 738 594 ergo
769 532 866 594 quare
897 512 1098 595 concupiscat
1129 513 1292 594 quisquam

88 618 190 704 sapiens
210 618 319 692 timeri,
341 638 401 681 nec
416 617 488 680 ideo
504 618 582 680 iram
599 637 751 700 magnum
767 618 918 700 quiddam
934 626 1033 701 putet,
1049 619 1122 700 quia
1137 617 1293 680 formidini

88 735 137 800 est,
163 724 309 808 quoniam
341 724 468 806 quidem
493 723 588 786 etiam
613 725 884 806 contemptissima
907 725 1056 787 timentur
1079 732 1113 787 ut
1136 731 1293 788 uenenato

63 832 186 896 lbestiae
213 829 381 914 pestiferae
413 851 528 894 morsu.
574 849 634 894 nec
657 831 768 894 mirum
792 839 856 906 est,
880 850 951 894 curn
976 831 1136 894 maximos
1158 828 1293 894 ferarum

86 958 179 1020 greges
200 937 282 1000 linea
305 937 405 1022 pinnis
429 936 576 1001 distincta
598 937 758 1000 contineat
781 945 814 1000 et
837 937 867 1000 in
890 937 1015 1000 insidias
1038 946 1126 1018 agat,
1159 935 1200 1000 ab
1223 937 1319 1020 ipsos

86 1043 179 1107 effectu
203 1045 288 1108 dicta
304 1041 458 1108 formidor
484 1044 572 1108 uanis
588 1044 671 1106 enim
687 1063 769 1106 uana
784 1043 896 1108 terrori
911 1053 991 1107 sunt.
1031 1042 1171 1106 curriculi
1188 1051 1294 1106 motus

85 1150 265 1234 rotarumque
298 1159 422 1214 uersata
452 1147 545 1212 facies
575 1147 683 1212 leones
714 1148 828 1232 redigit
859 1149 889 1212 in
920 1169 1059 1212 caueam.
1106 1148 1293 1232 elephantos

60 1260 191 1342 lporcina
220 1277 289 1320 uox
319 1263 424 1320 terret.
469 1256 514 1318 sic
541 1257 646 1338 itaque
673 1257 718 1318 ira
741 1257 903 1332 metuitur,
926 1257 1091 1338 quomodo
1115 1254 1228 1318 umbra
1251 1248 1293 1316 ab

83 1363 228 1428 infantibus
238 1371 258 1440 ,⁸
277 1383 297 1426 a
327 1361 398 1426 feris
429 1362 544 1425 rubens
567 1361 669 1444 pinna.
716 1382 780 1424 non
803 1363 872 1444 ipsa
894 1361 924 1424 in
947 1382 982 1426 se
1005 1361 1171 1444 quicquam
1195 1359 1294 1423 habet

83 1469 187 1536 firmum
210 1479 266 1534 aut
290 1468 380 1542 forte,
404 1470 461 1532 sed
485 1467 718 1552 leuesnanimus
743 1477 860 1531 mouet.
1307 1487 1330 1528 n

63 1581 67 1631 l
152 1577 218 1641 XII.
251 1575 415 1657 Nequitia,
439 1576 552 1656 inquit,
584 1576 625 1638 dc
642 1595 752 1638 rerum
776 1583 886 1638 natura
909 1573 1051 1637 tollenda
1073 1582 1138 1652 est,
1168 1575 1195 1638 si
1217 1573 1293 1636 uelis

82 1683 143 1747 iram
168 1682 298 1748 tollere:
340 1692 485 1746 neutrum
509 1689 616 1746 autem
641 1691 749 1766 potest
771 1681 844 1744 fieri.
891 1683 1026 1764 primum
1050 1688 1158 1763 potest
1184 1680 1293 1762 aliquis

82 1810 132 1852 non
151 1789 270 1872 algere,
303 1790 446 1873 quamuis
469 1809 511 1852 ex
536 1808 639 1850 rerum
663 1796 775 1852 natura
796 1787 898 1851 hiems
921 1789 972 1862 sit,
998 1796 1029 1849 et
1053 1805 1117 1850 non
1140 1794 1293 1863 aestuare,

81 1898 204 1978 quamuis
243 1917 369 1960 menses
408 1896 517 1958 aestiui
556 1895 626 1956 sint.
680 1903 735 1957 aut
772 1893 833 1958 loci
871 1892 1025 1957 beneficio
1064 1895 1216 1956 aduersus
1247 1893 1291 1955 in-

43 2025 47 2038 ·
81 2005 247 2086 temperiem
279 2004 351 2066 anni
379 2011 464 2065 tutus
488 2011 537 2065 est
564 2009 618 2064 aut
642 2001 792 2084 patientia
816 2001 957 2082 corporis
981 2019 1107 2074 sensum
1132 2001 1292 2080 utriusque
1307 2019 1331 2060 rr

58 2110 198 2191 tperuicit.
253 2109 370 2173 deinde
401 2115 489 2172 uerte
519 2108 622 2171 istud:
671 2126 801 2170 necesse
832 2113 880 2168 est
910 2106 995 2188 prius
1025 2107 1216 2168 iracundiam
1248 2125 1289 2168 ex

80 2215 168 2279 animo
190 2213 283 2278 tollas
307 2235 402 2298 quarn
426 2215 574 2278 uirtutem
599 2214 738 2295 recipias,
761 2213 911 2296 quoniam
936 2231 1007 2275 cum
1033 2211 1197 2276 uirtutibus
1216 2212 1291 2274 uitia

80 2341 131 2384 non
151 2329 280 2398 coeunt,
303 2341 362 2384 nec
386 2321 486 2402 magis
509 2321 674 2402 quisquam
699 2320 815 2382 eodem
840 2328 984 2400 tempore
1008 2326 1041 2380 et
1063 2319 1159 2382 iratus
1182 2325 1291 2402 potest

55 2436 136 2490 lesse
162 2437 192 2492 et
230 2429 276 2490 uir
314 2428 416 2490 bonus
447 2447 542 2509 quam
574 2445 671 2508 aeger
702 2434 734 2489 et
764 2446 867 2488 sanus.
919 2445 984 2488 non
1022 2431 1147 2508 potest,
1187 2425 1285 2508 inquit

80 2536 165 2598 omnis
189 2557 232 2598 ex
255 2534 361 2616 animno
385 2534 429 2597 ira
452 2532 536 2596 tolli:
571 2553 630 2596 nec
652 2531 715 2596 hoc
737 2531 874 2595 hominis
897 2539 1009 2595 natura
1030 2531 1155 2615 patitur.
1201 2531 1329 2614 atquin

79 2639 139 2702 nihil
167 2651 213 2704 est
243 2650 310 2703 tam
342 2638 465 2703 difficile
496 2647 529 2702 et
551 2640 684 2702 arduum
708 2639 797 2722 quod
816 2658 885 2700 non
908 2637 1047 2701 humana
1072 2657 1161 2700 mens
1184 2638 1288 2700 uincat

80 2754 105 2808 et
124 2747 148 2808 in
168 2746 406 2810 familiaritatem
429 2748 582 2829 perducat
605 2745 739 2808 adsidua
762 2745 936 2821 meditatio,
967 2744 1102 2827 nullique
1123 2753 1195 2807 sunt
1218 2751 1284 2806 tarn

53 2850 123 2914 lieri
148 2862 178 2916 et
206 2854 252 2916 sui
283 2853 355 2916 iuris
379 2851 535 2928 adfectuS,
567 2861 601 2915 ut
625 2870 689 2915 non
712 2850 874 2934 disciplina
901 2851 1137 2934 perdomemur.
1183 2849 1284 2930 quod-

82 2977 196 3042 cumque
232 2959 291 3022 sibi
329 2959 497 3042 imperauit
534 2959 656 3022 animus
695 2957 848 3039 optinuit:
897 2958 1026 3040 quidam
1065 2976 1105 3019 ne
1138 2975 1289 3038 umquam

81 3065 198 3130 riderent
225 3066 384 3129 consecuti
407 3073 488 3128 sunt.
534 3065 606 3128 uino
637 3064 781 3146 quidam,
812 3063 860 3126 alii
883 3063 1026 3139 Venere,
1051 3063 1179 3146 quidam
1202 3062 1290 3124 omni
1304 3083 1330 3122 as

81 3190 174 3234 umore
194 3172 385 3237 interdixere
407 3170 601 3254 corporibus.
641 3171 716 3234 alius
736 3177 904 3234 contentus
920 3169 1007 3234 breui
1022 3189 1137 3233 somno
1153 3169 1290 3250 uigiliam

86 3397 93 3446 l
113 3399 204 3452 deterret
222 3399 292 3464 aad,
311 3398 363 3454 sed
380 3405 452 3452 terret
472 3399 500 3453 r'n
513 3398 645 3454 sortientia
661 3397 788 3470 gonteruli
805 3413 865 3453 anna
880 3396 1023 3470 plerisque
1042 3397 1117 3452 tenni
1127 3413 1292 3468 quamquam

84 3481 171 3541 Satara
188 3489 272 3559 ipsias
291 3488 427 3560 conpositi
444 3487 645 3542 amantissimas
663 3492 705 3542 est
777 3497 800 3538 et
819 3489 913 3554 petiam
934 3502 1075 3558 suprascr.
1095 3503 1128 3542 nr.
1148 3501 1203 3543 rec.
1293 3545 1296 3554 ,

82 3575 95 3622 :t
111 3581 130 3624 ut
146 3589 258 3628 uenenato
277 3579 372 3629 bestiae
384 3579 514 3644 pestiferae
526 3577 609 3628 morsu
622 3574 730 3648 Haupt:
751 3583 776 3627 ut
795 3593 889 3628 uenena
909 3583 932 3627 et
951 3593 1007 3627 ossa
1020 3577 1135 3642 pestifera
1154 3584 1178 3626 et
1195 3593 1291 3628 morsus

82 3660 146 3724 (orsus
167 3665 193 3718 in
217 3667 284 3735 ras.)
371 3666 386 3718 f>
411 3667 471 3730 linia
491 3666 509 3732 (i
528 3679 601 3720 corr.
621 3665 647 3718 r‘n
667 3663 690 3735 e)
709 3668 794 3733 pennis
814 3665 851 3733 (r'n
870 3681 957 3736 marg.
977 3681 1011 3719 na.
1032 3667 1047 3717 4
1067 3681 1088 3718 c.
1108 3665 1206 3733 pannis)

83 3751 95 3797 ti
111 3752 184 3803 effectu
201 3752 257 3808 Εἲς
279 3756 367 3806 affectu
451 3754 575 3820 fredigit
593 3751 757 3808 Pincianus:
778 3756 873 3820 redegit
959 3755 1077 3804 elefantus
1168 3755 1184 3808 tt
1203 3749 1292 3807 ruben·

83 3837 101 3900 (s
114 3853 240 3910 suprascr.
260 3859 295 3896 nr.
313 3842 369 3914 pr.)
442 3844 500 3909 pina
518 3841 569 3897 sad
586 3844 648 3909 pina
667 3859 701 3896 rn.
720 3841 767 3898 aa.
848 3843 879 3894 13
899 3859 928 3894 ex
948 3859 1028 3894 rerum
1047 3848 1135 3894 natura
1153 3849 1294 3914 suspectat

85 3923 152 3981 Gertz
168 3945 217 3984 non
235 3933 294 3986 sine
313 3930 419 3986 ratione
520 3933 617 3998 hiemps
721 3931 753 3986 16
773 3932 885 3982 uirtutem
906 3947 934 3982 ex
955 3932 1039 3982 animo
1059 3931 1132 3982 tollas
1151 3948 1225 3999 quam
1245 3935 1293 3984 ira·

82 4018 177 4068 cundiam
196 4019 263 4085 aad,
289 4013 384 4091 uulgo,
403 4020 431 4074 in
450 4019 548 4089 qnibns
566 4021 676 4072 uirtutem
701 4026 727 4074 et
746 4022 898 4071 iracundiam
919 4014 1088 4090 transposuit
1109 4017 1199 4086 Gertz,
1224 4021 1292 4087 inre,

81 4105 188 4169 qnoniam
207 4108 244 4162 r'ta
264 4107 370 4162 demam
389 4108 522 4167 sententia
541 4107 618 4162 r‘nr'tr'o
638 4107 734 4178 rapitis
750 4108 843 4179 posita
861 4108 992 4174 uertitur,
1018 4113 1044 4162 at
1067 4117 1182 4181 propter
1206 4109 1293 4164 narba

80 4205 118 4242 non
140 4202 225 4261 potest,
244 4199 330 4262 inquit,
355 4198 436 4247 omnis
455 4213 484 4246 ex
503 4198 586 4248 animo
605 4199 642 4246 ira
661 4197 714 4248 tolli
823 4196 857 4250 20
882 4198 918 4248 ira
938 4196 991 4248 tolli
1011 4197 1047 4264 (to
1067 4197 1094 4250 r'n
1113 4199 1181 4266 ras.)

79 4278 105 4331 tt
122 4285 210 4336 assidua
228 4285 318 4356 (prior
337 4303 348 4335 s
366 4283 450 4352 corr.)
524 4285 556 4338 23
577 4286 621 4336 feri
636 4297 649 4350 7
663 4287 700 4336 sui
720 4283 784 4352 (γὴ.
804 4301 827 4341 a.
847 4292 870 4336 et
889 4285 916 4340 t‘n
935 4285 1005 4354 rat.)
1079 4287 1179 4338 affectus
1199 4285 1292 4360 (prior

78 4367 87 4414 f
100 4373 172 4440 corr.)
253 4374 286 4428 24
307 4376 412 4426 obtinuit
432 4373 460 4440 (b
481 4387 518 4427 aa·
537 4392 553 4439 p
572 4374 656 4441 corr.)
742 4375 775 4428 25
795 4391 883 4426 uenere
900 4375 999 4445 panai:
1021 4377 1103 4426 ueneri
1176 4379 1244 4428 omni
1264 4394 1291 4428 u·

78 4471 136 4508 more
153 4459 299 4518 deteriores
318 4459 456 4516 nonnulli:
478 4464 529 4512 orr’ri
549 4464 572 4512 in
591 4481 617 4514 re
637 4465 672 4531 (in
691 4481 717 4514 re
736 4478 807 4518 corr.
828 4463 855 4518 t'n
875 4463 942 4532 ras.)

768 4565 771 4572 ’
1058 4553 1073 4606 5
