3184 5318
284 341 346 402 ¹94
462 335 543 379 ΒΙΑΣ.
557 334 597 378 ΙΧ.
626 336 668 376 ΑΒ
683 335 825 378 stultum
841 336 881 377 DE
893 335 1161 387 TRANQvtLu‘rATu
1174 335 1275 378 ΔΝΜ.
1300 337 1320 377 l.

278 480 383 562 placet
404 479 542 544 honores
564 479 729 562 fascesque
750 500 815 543 non
837 479 956 544 scilicet
978 500 1118 564 purpura
1138 489 1193 544 aut
1218 480 1313 561 uirgis
1327 479 1480 542 abduchun
1581 459 1582 464 ἵ

279 607 450 669 capessere,
472 587 531 650 sed
554 595 589 650 ut
611 589 718 650 amicis
733 589 979 669 propinquisque
994 595 1028 649 et
1043 588 1191 676 omnibus
1206 586 1333 658 ciurbus,
1355 584 1482 646 omnibus

278 693 393 758 deinde
423 691 608 756 mortalibus
637 697 776 774 paratior
806 693 972 774 utiliorque
993 695 1060 755 sim.
1106 701 1290 775 promptus,
1321 691 1484 771 conpositus

278 819 395 882 sequor
416 799 561 873 Zenona,
585 798 777 874 Cleanthen,
801 798 1031 880 Chrysippum,
1053 819 1189 880 quorum
1212 807 1322 862 tamen
1343 815 1432 858 nemo
1451 797 1485 857 ad

252 904 504 985 trempublicam
536 908 682 981 accessit,
714 906 772 967 sed
803 925 898 968 nemo
926 926 990 967 non
1014 908 1117 968 misit:
1150 905 1204 966 ubi
1226 903 1342 985 aliquid
1364 905 1485 964 animam
1502 917 1522 967 u

278 1010 436 1074 insolitam
459 1014 582 1074 arietari
603 1014 763 1094 percussit,
786 1012 839 1074 ubi
863 1011 978 1093 aliquid
1001 1015 1136 1074 occurrit
1159 1021 1214 1074 aut
1228 1013 1397 1090 indignum,
1418 1011 1485 1071 utin

279 1119 367 1179 omni
395 1119 459 1180 uita
487 1117 627 1180 humana
656 1118 756 1180 multa
785 1126 874 1193 sunt,
905 1125 960 1216 apt
989 1137 1101 1200 parum
1133 1138 1175 1179 ex
1202 1115 1284 1180 sacili
1298 1115 1416 1208 ‚fluerm
1442 1125 1487 1176 aut

279 1221 413 1284 multum
444 1226 597 1306 temporis
626 1243 675 1286 res
705 1244 771 1286 non
799 1243 918 1304 magno
948 1224 1165 1286 aestimandae
1193 1230 1419 1304 poposcerunt,
1453 1221 1488 1280 ad

278 1329 378 1392 otium
417 1338 587 1391 conuertor
622 1338 655 1393 et
687 1330 960 1411 quemadmodum
998 1329 1165 1410 pecoribus
1202 1327 1341 1408 fatigatis
1376 1345 1489 1406 quoque

241 1447 264 1488 ιο
279 1432 417 1496 uelocior
454 1427 587 1496 doinum
624 1435 742 1514 gradus
780 1443 845 1509 est,
884 1432 988 1516 placet
1025 1437 1107 1498 intra
1136 1436 1272 1517 parietes
1302 1451 1376 1495 suos
1404 1433 1489 1494 uitam

278 1537 454 1602 cohercere.
491 1560 587 1602 nemo
617 1539 713 1602 ullum
744 1539 865 1602 auferat
888 1541 972 1602 diem
996 1539 1070 1630 nihil
1093 1540 1223 1621 dignum
1244 1547 1337 1602 tanto
1356 1538 1490 1618 inpendio

278 1644 465 1708 redditurus.
511 1645 569 1708 sibi
598 1648 665 1726 ipse
695 1648 816 1708 animus
845 1644 993 1721 haereat,
1023 1665 1059 1708 se
1081 1643 1183 1721 colat,
1213 1643 1287 1706 nihil
1310 1643 1398 1706 alieni
1419 1650 1490 1723 agat,

277 1748 350 1812 nihil
374 1751 462 1832 quod
485 1752 527 1813 ad
549 1750 682 1813 iudicem
703 1759 835 1832 spectet.
866 1759 989 1813 ametur
1011 1771 1126 1833 expers
1141 1750 1287 1832 publicae
1302 1752 1491 1830 priuataeque

277 1849 370 1918 curae
393 1856 610 1937 tranquillitas.
656 1859 714 1919 sed
738 1857 791 1919 ubi
814 1857 907 1921 lectio
931 1857 1042 1920 fortior
1057 1860 1158 1920 erexit
1173 1859 1313 1920 mrhnum
1330 1865 1363 1918 et
1378 1853 1491 1918 aculeos
1508 1867 1528 1918 t?
1581 1883 1582 1888 ¹

241 1977 264 2018 u
279 1961 488 2024 subdiderunt
511 1963 659 2044 exempla
682 1962 813 2037 nobilia,
836 1961 978 2044 prosilire
1000 1963 1078 2026 libet
1099 1965 1130 2025 in
1154 1962 1273 2037 iorum,
1298 1962 1492 2024 commodare
1581 2003 1582 2006 κ

277 2050 365 2131 alteri
388 2088 510 2144 uocem,
533 2068 623 2156 alteri
645 2089 786 2150 operam,
810 2071 933 2132 etiamsi
956 2067 1029 2132 nihil
1052 2069 1258 2152 profuturam,
1281 2078 1390 2132 tamen
1408 2086 1490 2129 cona-

276 2181 379 2236 turam
401 2176 564 2255 prodesse,
586 2174 712 2238 alicuius
735 2195 881 2238 coercere
904 2177 935 2236 in
962 2174 1032 2238 soro
1055 2175 1235 2257 superbiam
1258 2174 1343 2237 male
1361 2175 1491 2236 secundis
1581 2201 1582 2204 ¹

275 2279 369 2342 rebus
401 2279 481 2344 elati.
531 2283 701 2345 in·studiis
731 2289 809 2363 puto
840 2295 893 2344 me
923 2281 1066 2344 hercules
1097 2281 1209 2344 melius
1240 2302 1312 2344 esse
1342 2301 1391 2343 res
1420 2281 1491 2360 ipsas
1508 2290 1528 2340 n
1581 2339 1582 2342 ,

275 2389 386 2456 intueri
410 2395 442 2450 et
464 2386 576 2449 harum
600 2408 695 2451 causa
717 2387 820 2470 loqui,
843 2397 984 2450 ceterum
1009 2388 1107 2450 uerba
1129 2387 1224 2450 rebus
1247 2391 1443 2468 permittere,
1463 2394 1491 2446 ut

236 2507 262 2547 ²0
276 2512 338 2573 qua
376 2494 541 2568 duxerint,
579 2491 640 2557 hac
669 2491 865 2570 inelaborata
894 2503 1043 2575 sequatur
1074 2497 1184 2557 oratio.
1236 2495 1313 2574 quid
1345 2513 1424 2574 opus
1451 2501 1492 2552 est

275 2596 406 2661 saeculis
436 2599 587 2662 duratura
617 2603 819 2680 conponere?
850 2603 895 2662 uis
926 2609 960 2662 tu
983 2621 1048 2664 non
1071 2602 1103 2662 id
1127 2620 1236 2681 agere,
1268 2620 1309 2662 ne
1332 2609 1365 2662 te
1386 2599 1492 2680 posteri

275 2709 422 2768 taceant?
447 2708 542 2768 morti
565 2715 658 2770 natus
682 2726 724 2768 es.
770 2709 871 2768 minus
896 2706 1112 2770 molestiarum
1135 2706 1234 2769 habet
1257 2704 1491 2796 funustacitum.

274 2813 380 2892 itaque
402 2812 579 2893 occupandi
601 2815 754 2894 temporis
770 2833 873 2888 causa,
896 2816 926 2876 in
943 2833 1033 2876 usum
1050 2823 1149 2889 tuum,
1172 2833 1238 2874 non
1253 2815 1285 2874 in
1300 2813 1491 2894 praeconium

274 2916 390 2998 aliquid
413 2918 544 3000 simplici
567 2919 638 2980 stilo
661 2919 783 2981 scribe.
817 2922 939 2982 minore
961 2919 1072 2982 labore
1094 2940 1175 3000 opus
1192 2929 1240 2982 est
1256 2918 1492 3000 studentibusin
1581 2949 1582 2952 κ

234 3038 260 3079 aa
275 3024 367 3094 diem.
422 3045 526 3086 rursus
565 3025 619 3088 ubi
654 3045 688 3087 se
719 3028 841 3088 animus
872 3028 1100 3106 cogitationum
1131 3026 1350 3104 magnitudine
1380 3023 1492 3096 leuauit,
1507 3028 1529 3082 u

275 3127 459 3190 ambitiosus
482 3131 511 3190 in
535 3129 633 3193 uerba
656 3139 705 3192 est
728 3130 882 3212 altiusque
905 3140 939 3194 ut
962 3134 1079 3213 spirare
1101 3135 1145 3194 ita
1168 3129 1272 3212 eloqui
1295 3133 1394 3211 gestit
1413 3137 1443 3192 et
1456 3127 1491 3188 ad

275 3235 461 3313 dignitatem
484 3254 589 3296 rerum
613 3235 680 3297 exit
703 3236 813 3298 oratio.
851 3235 968 3299 oblitus
984 3245 1053 3298 tum
1070 3235 1146 3297 lenis
1161 3233 1491 3317 pressiorisque-iudicii

274 3337 541 3402 sublimius-feror
564 3349 597 3404 et
620 3343 759 3402 oreiam
784 3361 848 3403 non
872 3362 953 3403 meu.
984 3363 1024 3404 ne
1047 3341 1170 3422 singula
1192 3342 1308 3403 diutius
1324 3357 1488 3422 persequar,
1504 3349 1528 3402 15

273 3446 304 3506 in
334 3440 482 3509 omnibu's
505 3446 599 3508 rebus
623 3446 704 3508 haec
726 3467 778 3508 me
800 3449 940 3528 sequitur
964 3448 1068 3510 bonae
1091 3449 1206 3510 mentis
1229 3445 1401 3510 infirmitas.
1443 3451 1489 3506 aut

274 3641 484 3649 ———

382 3814 395 3865 l
423 3772 524 3880 fascisq;
543 3879 548 3886 *A
652 3812 667 3866 3
693 3821 819 3880 promptus
844 3816 995 3881 compositus
1014 3814 1179 3869 deteriores:
1207 3821 1310 3881 pmptus
1337 3817 1383 3866 sim
1406 3815 1486 3882 positus

379 3921 578 3984 compositusque
596 3919 740 3974 scribendo
760 3919 853 3974 Haase
871 3919 1061 3976 hescamelrum
1082 3920 1172 3991 effecit
1264 3923 1280 3976 5
1299 3907 1401 3974 rem.13.

273 4007 317 4056 sed
336 4005 427 4060 Koch:
448 4021 476 4059 sr
490 4006 507 4058 τ’.
521 4022 543 4060 e.
556 4013 593 4058 set
605 4006 666 4066 cod,
688 4015 712 4056 et
729 4007 812 4077 uulqo
895 4008 919 4061 ’8
945 4027 982 4060 res
1002 4008 1164 4064 deteriores:
1186 4012 1221 4061 rei
1314 4011 1348 4064 ll
1373 4006 1486 4074 impendio

274 4110 317 4176 (m.
338 4113 353 4162 3
372 4112 400 4164 t'n
419 4126 506 4181 marq.
526 4112 594 4180 rep.)
709 4111 744 4164 ‘l2
767 4113 851 4164 hereat
947 4115 981 4168 14
1006 4132 1064 4166 cura
1083 4099 1107 4198 e}
1126 4117 1289 4182 tranquillitas
1341 4100 1342 4103 Ἴ
1412 4115 1487 4191 fortior

274 4234 314 4291 (or
331 4230 358 4284 iu
377 4232 445 4297 rar.)
554 4233 586 4286 lli
606 4196 676 4284 efflei
696 4235 772 4284 nichil
791 4234 899 4302 (lacuna
913 4243 979 4306 post
997 4240 1083 4306 nichil)
1188 4239 1218 4294 21
1249 4255 1399 4306 componere

274 4316 307 4369 22
332 4328 400 4368 natus
420 4335 445 4368 es
465 4317 629 4386 deteriores:
650 4329 773 4370 natusest
863 4322 897 4376 26
920 4327 1013 4388 spirare
1033 4324 1090 4378 El:
1110 4343 1210 4392 sperare
1302 4327 1337 4380 27
1361 4328 1419 4376 lenis
1438 4321 1483 4376 ll²=

273 4403 335 4468 legis
423 4404 458 4458 29
477 4411 517 4456 aut
532 4403 606 4458 Koch
625 4407 694 4469 (quin
708 4405 815 4476 Lepsr'us
833 4412 914 4476 itaque
929 4409 1038 4480 Gertz):
1060 4416 1099 4463 cui
