3212 5318
239 376 320 418 DIAI..
338 377 376 421 xl.
405 377 447 418 AI)
463 375 598 416 IIIILVIAM
616 375 745 415 lllA'l'liElll
762 375 801 414 DI}
817 373 1058 418 consonatione..
1090 375 1120 418 ll.
1139 377 1168 416 lli.
1251 379 1312 438 267

1 533 2 536 ’
96 542 227 584 amoena
252 523 400 598 delectos,
425 530 458 584 ut
483 523 640 584 rationum
664 522 916 602 accipiendarum
942 519 1112 600 diligentia,
1137 521 1315 602 patrimonii

96 629 364 692 administratione
402 628 534 692 multum
571 649 708 710 occupes
740 627 907 708 temporis
948 638 981 690 ut
1012 648 1137 710 semper
1167 648 1252 690 nouo
1283 637 1315 690 te

94 736 194 816 ailquo
227 738 360 816 negotio
387 735 532 817 ianIces:
567 737 673 798 omnia
696 737 755 798 ista
779 736 820 796 ad
845 735 995 816 exiguum
1021 744 1218 798 momentum
1242 756 1313 816 pro-

94 851 159 905 sunt
184 863 245 904 nec
270 843 410 906 remedia
434 842 552 904 doloris
575 843 633 904 sed
657 841 871 923 iupedimenta
894 851 973 904 sunt.
1014 861 1076 922 ego
1101 852 1205 904 autem
1231 841 1314 904 malo

67 947 173 1015 allum
207 929 352 1011 desinere
383 969 477 1030 quam
510 949 621 1030 decipi.
667 949 772 1029 itaque
802 946 855 1010 illo
885 956 918 1010 te
942 949 1041 1024 due0,
1073 967 1136 1031 quo
1162 949 1342 1024 omnibus‚a

93 1059 138 1136 qui
163 1056 326 1118 sortunam
350 1055 486 1136 lugiunt,
517 1055 763 1136 confugiendum
788 1063 851 1130 est,
883 1056 925 1116 ad
949 1054 1087 1117 liberalia
1110 1057 1231 1118 studia:
1266 1056 1317 1119 illa

1 1169 2 1214 l
93 1161 249 1225 sanabunt
282 1162 392 1224 uolnus
424 1171 530 1236 tuum,
561 1161 611 1224 illa
643 1181 771 1224 omnem
803 1162 957 1225 tristitiam
990 1162 1047 1224 tibi
1080 1162 1222 1224 euellent.
1269 1163 1316 1224 his

1 1283 5 1378 q
93 1265 211 1333 etiamsi
243 1289 415 1351 numquam
434 1270 629 1344 ‹adsuesses,
664 1289 745 1332 nunc
777 1271 929 1331 utendum
961 1279 1036 1331 erat.
1082 1271 1139 1330 sed
1163 1278 1315 1350 quantum

92 1377 142 1439 tibi
173 1376 274 1457 patris
305 1376 366 1438 mei
397 1377 542 1456 antiquus
573 1376 658 1456 rigor
689 1376 844 1458 permisit,
877 1396 988 1438 omnes
1019 1375 1121 1437 bonas
1146 1385 1228 1438 artes
1251 1395 1315 1438 non

1 1485 2 1580 l
64 1485 217 1566 lquidem
258 1483 487 1566 conprendisti,
527 1482 656 1564 attigisti
695 1493 811 1546 tamen.
866 1483 984 1544 utinam
1016 1484 1145 1564 quidem
1178 1483 1314 1546 uirorum
1334 1501 1355 1538 in

93 1592 239 1673 optimus
263 1597 355 1671 pater
378 1609 476 1664 meus
501 1589 601 1652 minus
622 1593 775 1652 maiorum
793 1591 1009 1652 consuetudini
1026 1591 1150 1652 deditus
1167 1590 1315 1652 uoluisset

91 1705 120 1760 te
143 1697 326 1779 praeceptis
349 1695 520 1777 sapientiae
544 1697 657 1758 erudiri
681 1697 786 1778 potius
809 1717 905 1778 quam
929 1696 1032 1758 inbui!
1059 1716 1123 1758 non
1138 1699 1314 1778 parandum

92 1805 143 1865 tibi
167 1824 253 1866 nunc
277 1812 360 1864 esset
383 1800 532 1864 auxilium
558 1811 668 1865 contra
692 1802 866 1879 fortunam,
891 1805 948 1866 sed
972 1802 1216 1885 proferendum:
1243 1823 1314 1886 pro-

92 1920 158 1991 pter
182 1911 268 1984 istas,
292 1928 373 1990 quae
396 1907 505 1971 litteris
529 1929 592 1971 non
609 1911 650 1971 ad
666 1910 850 1991 sapientiam
868 1919 1004 1986 utuntur,
1028 1911 1086 1972 sed
1102 1911 1144 1972 ad
1160 1909 1315 1973 luxuriam

1 2079 2 2082 ,
93 2017 293 2090 instruuntur,
317 2015 418 2077 minus
441 2024 474 2077 te
498 2014 660 2096 indulgere
684 2017 793 2080 studiis
816 2017 926 2097 passus
951 2025 1006 2078 est.
1038 2015 1192 2078 beneficio
1208 2026 1315 2079 tamen
1334 2033 1356 2072 u

92 2124 209 2204 rapacis
241 2123 356 2202 ingenii
387 2121 457 2204 plus
487 2143 583 2204 quam
616 2143 674 2204 pro
699 2131 847 2206 tempore
870 2123 1007 2185 hausisti.
1054 2123 1135 2185 iacta
1158 2133 1230 2185 sunt
1253 2125 1314 2186 dis-

92 2230 272 2312 ciplinarum
304 2229 446 2290 omnium
477 2228 700 2291 fundamenta:
735 2249 817 2291 nunc
848 2231 888 2292 ad
913 2229 978 2292 illas
1002 2240 1178 2293 reuertere:
1212 2238 1314 2293 tutam

64 2345 121 2398 ote
143 2335 357 2418 praestabunt.
390 2335 459 2398 illae
479 2334 737 2410 consolabuntur,
762 2336 831 2398 illae
854 2335 1065 2410 delectabunt,
1089 2335 1158 2398 illae
1181 2338 1206 2399 si
1230 2337 1316 2400 bona

92 2443 151 2505 fide
175 2444 204 2505 in
229 2442 370 2504 anImum
393 2451 482 2504 tuum
508 2443 698 2517 intrauerint,
723 2462 897 2524 numquam
921 2443 1054 2525 amplius
1071 2443 1198 2506 intrabit
1214 2443 1315 2519 dolor,

92 2567 260 2630 numquam
298 2547 492 2623 sollicitudo,
530 2569 701 2629 numquam
734 2549 953 2612 adflictationis
985 2551 1093 2612 inritae
1124 2565 1357 2632 superuacuam

92 2657 224 2720 uexatio.
272 2653 346 2716 nulli
384 2655 498 2717 horum
538 2655 660 2737 patebit
691 2666 801 2738 pectus
839 2666 947 2719 tuum:
990 2676 1062 2718 nam
1096 2658 1207 2720 ceteris
1238 2658 1317 2719 uitiis

92 2763 275 2844 iampridem
307 2759 426 2825 clusum
458 2773 514 2826 est.
560 2762 640 2824 haec
662 2745 789 2844 quidem
814 2764 987 2827 certissima
1011 2763 1166 2843 praesidia
1189 2773 1262 2826 sunt
1285 2772 1316 2826 et

92 2889 169 2950 quae
192 2866 260 2930 sola
284 2877 317 2931 te
340 2867 484 2931 fortunae
509 2869 628 2950 eripere
651 2871 792 2950 possint:

66 2987 74 3037 l
178 2974 294 3037 XVIII.
342 2973 408 3037 Sed
439 2976 526 3057 quia,
560 2977 635 3038 dum
668 2976 697 3038 in
730 2974 814 3038 illum
839 2984 983 3057 portum,
1015 2994 1109 3060 quem
1134 2977 1189 3039 tibi
1213 2977 1317 3039 studia

91 3083 293 3163 promittunt,
310 3082 484 3163 'perueniS,
517 3083 711 3146 adminiculis
734 3083 847 3165 quibus
870 3083 1022 3159 innitaris,
1057 3104 1136 3166 opus
1160 3093 1216 3158 est,
1240 3082 1315 3146 uolo
1330 3096 1356 3138 ’2⁵

92 3189 211 3252 interim
243 3188 360 3250 solacia
390 3188 447 3251 tibi
479 3198 533 3252 tua
561 3189 738 3253 ostendere.
785 3191 906 3271 respice
929 3189 1040 3252 iratres
1066 3209 1171 3264 meos,
1203 3190 1316 3270 quibus

61 3294 181 3358 asaluis
204 3295 250 3358 Ias
274 3294 331 3357 tibi
354 3315 418 3356 non
442 3306 491 3358 est
514 3315 660 3358 accusare
685 3295 852 3359 fortunam.
885 3300 914 3359 in
939 3307 1072 3380 utroque
1096 3295 1203 3371 habes
1228 3299 1315 3378 quod

91 3409 122 3462 te
145 3402 268 3464 diuersa
294 3404 407 3466 uirtute
432 3402 588 3466 delectet:
617 3403 695 3466 alter
718 3403 856 3466 honores
880 3405 1031 3467 industria
1055 3399 1242 3466 consecutus
1258 3413 1328 3480 est„

91 3505 166 3569 alter
188 3511 346 3590 sapienter
369 3511 568 3592 contempsit.
602 3512 769 3591 adquiesce
793 3511 918 3573 alterius
943 3510 983 3572 fili
1003 3511 1166 3592 dignitate,
1189 3510 1315 3574 alterius

91 3609 204 3693 quiete,¹
225 3617 386 3698 utriusque
409 3618 535 3698 pietate.
583 3619 655 3678 noui
679 3616 808 3680 fratrum
834 3637 978 3679 meorum
1002 3617 1129 3680 intimos
1153 3617 1311 3681 adlectus:
1329 3635 1355 3675 ³0

92 3718 166 3781 alter
188 3723 218 3783 in
240 3721 303 3783 hoc
327 3723 513 3804 dignitatem
539 3723 665 3798 excolit,
689 3733 723 3786 ut
747 3725 803 3786 tibi
828 3733 1016 3786 ornamento
1040 3724 1087 3800 ¹sit,
1112 3723 1190 3787 alter
1207 3726 1236 3786 in
1253 3724 1315 3787 hoc

60 3837 126 3889 3se
148 3828 185 3889 ad
215 3828 414 3909 tranquillam
438 3829 641 3910 quietamque
665 3833 760 3892 uitam
786 3810 984 3912 recepit‚⁶ut
1006 3831 1062 3894 tibi
1087 3839 1186 3894 uacet.
1233 3831 1314 3894 bene

90 3929 202 3995 liberos
225 3944 298 3998 tuos
323 3944 354 3998 et
377 3936 407 3996 in
432 3935 581 3998 auxilium
606 3945 637 3999 et
661 3937 691 3998 ln
714 3937 984 4000 oblectamentum
1001 3936 1125 4000 fortuna
1141 3937 1311 4021 disposuit:

90 4091 297 4103 -1—-1———2—

91 4177 106 4228 3
134 4179 239 4244 implices
335 4181 351 4234 4
377 4183 523 4247 impeclin'rta
619 4182 634 4236 7
661 4185 745 4236 uulnus
842 4184 875 4238 12
901 4186 978 4236 imbui
1079 4185 1113 4238 13
1140 4185 1313 4238 esset-auxilili

92 4274 173 4342 contra
190 4270 288 4321 sortun'a
302 4269 361 4327 cod.
382 4278 468 4320 eontra
487 4273 608 4322 fortunam
628 4279 689 4322 esset
709 4274 823 4324 auxilium
838 4273 920 4344 sculpo
1010 4273 1043 4327 20
1064 4274 1241 4324 adflictationis
1252 4272 1312 4328 cod.

91 4353 232 4408 adflictionis
251 4357 334 4429 uttho
409 4357 458 4445 Ι25
485 4361 570 4426 poenis
589 4358 648 4414 cod.
668 4363 806 4426 perueneris
826 4361 908 4432 uulgo
1000 4361 1032 4414 26
1059 4378 1127 4412 meos
1147 4361 1310 4418 deteriores:

92 4483 117 4526 ut
134 4494 172 4529 eos
260 4481 294 4535 29
314 4459 356 4532 filil
448 4461 545 4535 alterius
561 4485 582 4549 (s
600 4499 635 4556 qi.
654 4486 708 4553 pr.)
