3212 5318
304 319 384 364 DlAL.
399 320 429 365 X.
457 319 499 362 AD
516 317 670 360 PAVLlNVM
686 318 726 359 DE
741 317 911 360 BREVlTATE
926 319 1022 363 VITAE.
1050 321 1071 365 l.
1234 326 1296 388 225

84 466 258 550 praeferant.
307 467 433 550 cupiunt
465 464 589 528 interim
620 485 662 527 ex
692 462 745 526 illo
775 463 901 548 fastigio
933 485 1007 542 suo,
1038 466 1064 530 si
1096 474 1165 530 tuto
1197 465 1297 542 liceat,

84 577 274 638 descendere.
321 594 395 636 nam
419 581 453 636 ut
483 571 558 635 nihil
589 580 681 634 extra
711 569 845 636 lacessat
875 582 931 636 aut
953 573 1089 654 quatiat,
1120 574 1150 636 in
1174 593 1208 636 se
1231 573 1298 656 ipsa

10 737 12 756 ‚
56 681 195 746 riortuna
219 682 291 744 ruit.
331 682 423 744 diuus
439 678 614 760 Augustus,
637 678 685 740 cui
709 679 740 740 di
763 677 852 759 plura
874 699 970 760 quam
994 677 1046 741 ulli
1069 681 1297 760 praestiterant,

10 803 11 806 ’
83 809 136 852 non
165 789 259 852 desiit
291 791 430 870 quietem
454 786 511 850 sibi
534 786 655 869 precari
679 794 710 847 et
734 787 932 849 uacationem
956 805 975 848 a
998 786 1158 868 republica
1180 795 1297 868 petere.

10 901 12 962 l
82 895 171 958 omnis
195 895 265 958 eius
288 913 394 956 sermo
418 893 459 956 ad
482 891 546 956 hoc
569 911 695 974 semper
718 891 879 956 reuolutus
903 900 959 967 est,
983 902 1018 955 ut
1033 902 1173 974 speraret
1189 893 1324 956 otiums

10 969 12 1052 l
82 1001 134 1065 hoc
161 1001 292 1065 labores
322 1021 413 1076 suos,
446 1000 568 1063 etiamsi
599 998 695 1076 falso,
729 999 811 1062 dulci
834 1007 942 1062 tamen
965 999 1151 1063 oblectabat
1172 999 1298 1076 solacio,

10 1103 11 1134 ¹
56 1109 241 1190 taliquando
266 1129 301 1170 se
324 1109 478 1172 uicturum
502 1106 561 1169 sibi
602 1107 631 1168 in
655 1108 793 1188 quadam
817 1107 859 1168 ad
882 1116 1026 1170 senatum
1044 1108 1139 1170 missa
1159 1105 1298 1189 epistula,

81 1236 140 1278 cum
163 1217 310 1297 requiem
333 1235 422 1278 suam
447 1233 511 1278 non
535 1233 667 1276 uacuam
691 1213 759 1277 sore
783 1213 943 1295 dignitatis
966 1234 1058 1278 neca
1074 1215 1178 1296 priore
1198 1213 1299 1294 gloria

10 1347 12 1392 ι
80 1324 307 1404 discrepantem
338 1321 494 1404 pollicitus
524 1328 623 1396 esset,
655 1320 734 1384 haec
764 1321 862 1384 uerba
891 1323 1013 1384 inueni:
1046 1319 1107 1382 scd
1133 1319 1197 1382 isto
1219 1319 1302 1402 fiori

79 1429 241 1510 speciosius
282 1449 379 1509 quoru
411 1427 563 1509 promitti
592 1436 736 1508 possunt.
787 1447 837 1488 accc
867 1434 973 1490 tamen
1005 1425 1117 1508 cupido
1148 1427 1299 1508 temporis
1316 1446 1338 1486 ro

9 1591 11 1602 ,
80 1535 267 1616 optatissimi
297 1535 380 1598 milri
409 1534 576 1616 provexit,
617 1543 653 1596 nt
680 1533 831 1614 quoniam
863 1553 969 1596 rernm
1001 1533 1124 1596 laetitia
1155 1542 1302 1596 moratur

9 1637 11 1712 ζ
79 1643 192 1722 adimo,
228 1642 451 1724 praeciperem
490 1640 622 1721 aliquid
652 1640 825 1720 uoluptatis
854 1659 896 1702 rx
925 1639 1096 1704 uerborum
1124 1639 1297 1704 dulcedine.

10 1751 11 1758 ’
57 1759 156 1814 ltanta
190 1751 259 1812 uisa
292 1757 340 1812 est
363 1769 413 1813 res
436 1749 555 1823 otium,
586 1756 621 1812 ut
643 1746 745 1822 illam,
776 1747 850 1829 quia
873 1767 929 1810 usu
953 1766 1016 1810 non
1040 1755 1181 1829 poterat,
1213 1749 1298 1829 cogi-

80 1860 191 1921 tatione
228 1863 454 1938 praesumeret.
501 1857 553 1937 qui
589 1855 696 1918 omnia
727 1854 858 1918 uidebat
888 1875 930 1916 ex
961 1873 996 1918 se
1027 1874 1090 1917 uno
1121 1855 1300 1936 pendentia,

81 1967 125 2046 qui
146 1963 332 2026 hominibus
356 1961 566 2045 gentibusque
588 1960 747 2024 fortunam
772 1960 880 2036 dabat,
902 1960 988 2024 illum
1010 1961 1095 2024 diem
1112 1960 1300 2024 laetissimus
1318 1980 1340 2020 rs

82 2071 250 2152 cogitabat,
273 2089 338 2152 quo
362 2068 612 2150 magnitudinem
637 2087 726 2130 suam
751 2075 883 2132 exueret
928 2075 1079 2150 expertus
1103 2075 1178 2143 erat,
1202 2087 1298 2150 quan-

9 2205 10 2210 *
80 2187 138 2240 tum
174 2176 229 2240 illa
265 2176 351 2239 bona
384 2195 441 2257 per
479 2177 582 2238 omnis
612 2183 712 2238 terras
743 2173 893 2255 fulgentia
923 2175 1046 2238 sudoris
1076 2177 1300 2256 exprimerent,

54 2291 225 2367 aquantum
250 2281 444 2346 occultarum
469 2281 712 2346 sollicitudinum
736 2283 898 2363 tegerent:
926 2301 997 2345 curn
1019 2281 1138 2345 ciuibus
1154 2282 1300 2370 primurn,

80 2393 187 2454 deinde
220 2411 293 2454 cum
325 2389 470 2471 collegis,
501 2391 672 2454 nouissime
695 2409 767 2451 curn
792 2387 947 2452 adfinibus
970 2398 1099 2453 coactus
1122 2391 1216 2452 armis
1240 2390 1294 2452 de·

81 2518 202 2576 cernere
227 2498 304 2561 mari
327 2506 475 2578 terraque
498 2497 682 2576 sanguinem
706 2494 805 2558 ludit:
833 2515 890 2578 per
906 2494 1138 2572 Macedoniam,
1154 2492 1300 2570 Siciliam,
1315 2511 1341 2552 ιι

82 2603 283 2687 Aegyptum,
312 2601 437 2684 Syriam
462 2602 638 2685 Asiamque
661 2611 694 2666 et
717 2604 820 2666 omnis
844 2622 945 2686 prope
968 2622 1040 2665 oras
1064 2601 1147 2666 bello
1171 2601 1300 2665 circum-

81 2721 161 2774 actus
186 2711 337 2774 Romana
368 2711 467 2773 caede
499 2709 599 2772 lassos
631 2711 787 2772 exercitus
811 2710 853 2773 ad
876 2718 1008 2772 externa
1032 2707 1114 2772 bella
1137 2710 1301 2772 conuertit.

82 2819 149 2880 dum
167 2816 272 2900 Alpes
293 2815 400 2897 placat
423 2819 638 2898 inmixtosque
661 2816 785 2878 mediae
808 2817 878 2898 paci
901 2825 935 2878 et
957 2817 1089 2898 imperio
1106 2814 1214 2878 hostes
1230 2835 1300 2896 per-

82 2925 203 3000 domat,
236 2925 313 2986 dum
343 2923 423 2986 ultra
448 2921 596 2986 Rhenum
620 2931 652 2985 et
675 2923 860 3004 Euphraten
891 2930 924 2984 et
948 2922 1125 2984 Danuuium
1149 2922 1302 2984 terminos

82 3039 202 3106 mouet,
235 3033 266 3092 in
290 3032 359 3110 ipsa
381 3029 460 3092 urbe
484 3029 652 3105 Murenae,
676 3027 851 3110 Caepionis,
875 3028 997 3112 Lepidi,
1020 3028 1146 3110 Egnati,
1169 3026 1301 3090 aliorum
1316 3043 1342 3084 aa

8 3173 9 3176 κ
56 3138 203 3198 lineum
229 3155 397 3199 mucrones
420 3136 622 3198 acuebantur.
668 3137 810 3198 nondum
838 3135 953 3198 horum
977 3134 1132 3216 effugerat
1155 3135 1300 3198 insidias:

81 3241 137 3304 filia
168 3252 200 3305 et
228 3251 279 3306 tot
308 3241 431 3305 nobiles
454 3243 581 3304 iuuenes
605 3240 758 3304 adulterio
781 3241 868 3304 uelut
890 3249 1090 3304 sacramento
1112 3241 1216 3306 adacti
1240 3244 1302 3306 iam

81 3348 238 3413 infractam
264 3357 404 3412 aetatem
429 3348 621 3412 territabant.
677 3347 852 3432 Paulusque
876 3358 909 3413 et
933 3350 1044 3412 iterum
1068 3349 1211 3412 timenda
1230 3369 1302 3412 cum

80 3453 221 3520 Antonio
250 3455 368 3520 mulier.
416 3456 495 3520 haec
518 3455 623 3520 ulcera
646 3476 719 3520 cum
742 3457 815 3540 ipsis
839 3455 990 3521 membris
1012 3455 1210 3520 absciderat:
1244 3455 1304 3520 alia

83 3662 246 3753 trasrtgioio
337 3685 396 3741 2in
416 3702 442 3736 se
455 3683 619 3741 doteriores:
640 3687 690 3737 inte
773 3687 844 3740 3dii
927 3686 969 3736 ulli
983 3683 1147 3740 deteriores:
1168 3685 1227 3736 nulli

82 3777 245 3838 praestiterant
267 3771 364 3830 Gertz:
386 3777 556 3841 praestiterunt
645 3775 662 3829 l
681 3777 743 3827 desit
833 3775 898 3829 a.R.
913 3779 939 3828 P.
1031 3775 1046 3828 5
1066 3781 1173 3841 speraret
1187 3777 1207 3840 (t
1224 3789 1304 3836 corr„

82 3863 107 3914 iu
125 3879 210 3936 usurp.
225 3881 258 3920 m.
280 3868 295 3918 2
316 3863 424 3919 addidit
436 3865 498 3919 otitl.
512 3867 561 3915 hoc
579 3865 689 3927 labores)
781 3863 814 3917 12
832 3866 1000 3930 praeciperem
1013 3860 1152 3918 Muretus:
1172 3864 1276 3930 pciperd
1287 3879 1304 3910 s

151 3987 182 4041 16
194 3995 297 4055 quamttt
371 3987 405 4041 18
417 3993 520 4054 quamttl
596 3987 628 4042 19
642 3989 737 4048 affinib;
812 3987 846 4042 22
860 3989 929 4042 cede.
1020 3987 1053 4043 23
1066 3990 1217 4054 immixtosq;
1232 3960 1305 4054 medi

169 4076 200 4131 24
219 4079 277 4128 dum
297 4078 360 4128 ultra
380 4075 544 4132 doteriores:
567 4077 603 4130 dtt
622 4083 647 4128 ut
665 4079 748 4127 ultra*
768 4075 885 4146 (aliquid
901 4093 1016 4145 erasum,
1033 4076 1157 4146 sortasse
1175 4075 1266 4130 littera
1285 4095 1304 4144 r,

81 4180 152 4234 quac
173 4166 246 4221 initio
270 4167 407 4236 sequentis
429 4181 527 4220 uorem
546 4165 641 4220 addita
660 4171 711 4232 cst)
847 4169 960 4221 danubitt
978 4168 1005 4234 (b
1025 4181 1063 4220 cro
1081 4183 1095 4216 ιι
1114 4169 1197 4232 corr.)

83 4253 115 4304 25
137 4255 222 4320 Egnati
242 4258 346 4306 oliorum
362 4252 459 4309 Gertz.
481 4256 606 4321 egnatiott
695 4254 729 4308 26
748 4257 899 4308 acuebantur
917 4258 991 4324 (anto
1009 4265 1018 4306 t
1035 4270 1127 4326 parua
1145 4257 1215 4320 ras.)

84 4341 118 4395 ‘28
139 4345 267 4410 Paulusque
281 4342 434 4398 Rubenius:
456 4345 536 4410 ptusq;
629 4343 662 4398 ‘29
682 4346 728 4410 hec
747 4346 828 4395 ulcera
847 4349 920 4409 (onte
932 4363 947 4396 u
960 4361 1014 4398 unu
1027 4343 1126 4408 littora,
1146 4348 1175 4397 ut
1195 4342 1305 4398 uidetur

85 4445 107 4496 c,
127 4427 221 4500 delrio)

75 4529 78 4536 “
1057 4522 1088 4576 15
