3212 5326
492 311 570 354 DlAL.
586 309 612 353 V.
643 311 682 352 Du
698 311 749 353 mn
765 309 819 354 Lm.
836 310 876 354 111.
907 312 937 352 lb.
1284 318 1325 378 99

13 523 14 530 ,
108 457 245 540 adposuit
267 466 299 522 et
322 457 457 520 subinde
479 458 619 540 quaesiit,
643 475 682 520 an
706 456 845 540 placeret
861 456 1035 520 conditura.
1068 457 1182 520 deinde
1198 465 1232 519 ut
1255 458 1328 522 satis

13 607 14 610 =
108 566 182 629 illum
204 565 339 647 plenum
363 564 452 627 malis
475 565 537 628 suis
562 564 647 640 uidit,
671 562 785 627 adferri
809 565 912 646 capita
935 563 1058 627 illorum
1082 565 1167 626 iussit
1192 574 1224 629 et
1246 586 1326 646 quo-

13 747 14 752 ,
108 673 195 736 modo
228 681 315 736 esset
346 681 495 754 acceptus
526 671 738 754 interrogauit.
785 691 848 732 non
880 669 1046 733 defuerunt
1077 663 1192 733 misero
1221 671 1327 746 uerba,

107 799 163 841 non
190 799 228 842 os
262 779 436 841 concurrit:
471 779 556 861 apud
584 798 707 860 regem,
739 777 851 860 inquit,
883 777 986 840 omnis
1010 797 1087 840 cena
1110 778 1245 841 iucunda
1269 789 1325 842 est.

81 888 172 968 2quid
202 885 266 948 hac
296 885 477 948 adulatione
508 883 659 966 profecit?
699 904 739 947 ne
774 884 814 947 ad
846 883 988 965 reliquias
1018 884 1207 948 inuitaretur.
1261 902 1352 948 nont

13 1005 15 1082 j
108 1003 172 1056 ueto
194 1001 324 1074 patrem
349 994 500 1055 damnare
523 992 606 1073 regis
630 993 675 1054 sui
694 991 820 1066 factum,
843 1011 907 1053 non
932 1000 1006 1055 ueto
1022 1009 1173 1072 quaerere
1197 992 1325 1074 dignam

13 1097 14 1144 l
107 1109 162 1162 tam
184 1100 268 1162 truci
291 1107 442 1182 portento
465 1117 612 1181 poenam,
635 1100 692 1162 sed
716 1098 778 1160 hoc
801 1097 922 1160 interim
948 1097 1082 1179 conligo,
1112 1117 1208 1180 posse
1232 1099 1326 1162 etiam

106 1226 140 1269 ex
162 1206 345 1288 ingentibus
377 1203 464 1268 malis
495 1215 677 1268 nascentem
710 1205 786 1266 iram
819 1204 972 1268 abscondi
1004 1207 1099 1267 etad
1131 1205 1228 1268 uerba
1251 1225 1325 1268 con-

78 1313 187 1381 3traria
221 1312 281 1375 sibi
305 1313 385 1394 cogi.
431 1311 604 1375 necessaria
627 1312 686 1374 ista
709 1320 757 1374 est
781 1310 898 1374 doloris
922 1309 1101 1386 refrenatio,
1134 1312 1240 1393 utique
1263 1312 1325 1375 hoc

83 1420 213 1482 sortitis
246 1421 330 1482 uitae
361 1437 460 1500 genus
498 1428 530 1482 et
561 1420 602 1481 ad
633 1419 752 1500 regiam
784 1416 931 1480 adhibitis
962 1436 1125 1480 mensam:
1167 1419 1210 1481 sic
1241 1425 1326 1482 estur
1344 1441 1366 1481 ιο

105 1528 180 1608 apud
206 1525 290 1601 illos,
314 1527 358 1588 sic
381 1525 509 1600 bibitur,
532 1527 575 1589 sic
599 1528 821 1607 respondetur,
850 1524 1008 1587 funeribus
1031 1525 1093 1587 suis
1116 1525 1324 1589 adridendum

105 1643 154 1696 est.
207 1654 248 1696 an
280 1633 358 1695 tanti
394 1633 434 1695 sit
466 1633 529 1696 uita
561 1631 757 1695 uidebimus:
799 1631 859 1694 alia
888 1632 948 1694 ista
977 1632 1120 1712 quaestio
1135 1629 1208 1694 'est
1262 1652 1326 1695 non

47 1811 51 1830 k
107 1740 336 1803 consolabimur
353 1750 418 1802 tam
435 1741 523 1802 triste
540 1738 742 1820 ergastulum,
767 1758 832 1801 non
848 1737 1086 1800 adhortabimur
1101 1737 1181 1800 ferre
1197 1738 1327 1820 imperia
1350 1764 1355 1778 ·

106 1846 300 1910 camificum:
334 1849 540 1909 ostendemus
569 1845 598 1909 in
622 1847 708 1908 omni
732 1846 881 1908 seruitute
904 1852 1047 1927 apertam
1074 1843 1209 1909 libertati
1234 1848 1325 1921 uiam,

107 1954 156 2016 nisi
187 1974 285 2035 aeger
316 1953 438 2016 animus
470 1962 526 2016 est.
572 1973 630 2016 suo
663 1954 737 2015 uitio
769 1953 863 2015 miser
895 1959 959 2028 est,
990 1953 1038 2014 cui
1069 1953 1208 2014 miserias
1239 1951 1326 2015 finire
1344 1973 1366 2014 n

78 2073 206 2132 tsecum
231 2059 312 2124 licet.
361 2061 463 2124 dicam
487 2070 519 2123 et
542 2059 598 2135 illi,
630 2061 736 2141 quiin
768 2080 875 2140 regem
908 2059 1014 2121 incidit
1043 2059 1165 2140 sagittis
1195 2067 1326 2140 pectora

104 2167 270 2230 amicorum
303 2175 484 2248 petentem,
515 2177 547 2229 et
578 2165 635 2243 illi,
666 2167 751 2229 cuius
782 2167 929 2228 dominus
962 2164 1132 2228 liberorum
1158 2165 1325 2229 uisceribus

104 2281 202 2354 patres
234 2281 373 2336 saturat:
407 2273 482 2354 quid
513 2273 630 2354 gemis,
662 2273 809 2346 demenS,
840 2273 914 2354 quid
946 2281 1113 2354 expectaS,
1146 2257 1179 2334 ut
1211 2281 1244 2334 te
1271 2281 1325 2336 aut

104 2378 196 2442 hostis
228 2377 339 2460 aliquis
370 2399 427 2461 per
451 2380 581 2443 exitium
615 2380 718 2460 gentis
741 2389 814 2442 tuae
838 2379 974 2442 uindicet
1005 2388 1059 2440 aut
1081 2399 1138 2441 rex
1163 2399 1181 2440 a
1204 2378 1324 2460 longin-

104 2506 163 2566 quo
185 2496 302 2569 potens
325 2485 474 2548 aduolet?
498 2507 700 2568 quocumque
717 2487 901 2567 respexeris
926 2485 966 2548 ibi
987 2484 1143 2548 malorum
1167 2485 1234 2549 finis
1258 2496 1321 2549 est:
1339 2503 1365 2545 n

105 2593 186 2656 uides
217 2592 303 2656 illum
336 2593 538 2675 praecipitem
572 2593 697 2656 locum?
737 2591 805 2655 illac
836 2594 877 2655 ad
908 2591 1086 2656 libertatem
1119 2593 1326 2657 descenditur.

104 2699 184 2762 uides
207 2699 282 2762 illud
306 2719 406 2774 mare,
430 2699 504 2763 illud
528 2699 658 2775 flumen,
681 2698 766 2762 illum
790 2702 941 2781 puteum?
973 2698 1101 2762 libertas
1124 2697 1183 2761 illic
1206 2701 1237 2761 in
1260 2699 1325 2762 imo

102 2806 194 2870 sedet.
233 2807 322 2868 uides
346 2805 431 2868 illam
455 2807 602 2869 arborem
627 2806 766 2881 breuem,
790 2807 988 2881 retorridam,
1012 2804 1183 2868 infelicem?
1206 2806 1325 2887 pendet

103 2911 169 2975 inde
190 2912 328 2976 libertas.
359 2914 447 2976 uides
463 2913 602 2994 iugulum
620 2921 718 2988 tuum,
742 2922 850 2994 guttur
872 2923 971 2987 tuum,
995 2932 1050 2974 cor
1072 2915 1179 2974 tuum?
1208 2911 1326 2994 effugia

103 3020 252 3082 seruitutis
284 3029 366 3082 sunt.
419 3020 509 3082 nimis
540 3020 596 3083 tibi
627 3039 781 3102 operosos
812 3019 916 3082 exitus
949 3029 1094 3083 monstro
1127 3028 1158 3081 et
1189 3018 1324 3082 multum
1338 3035 1364 3076 aa

103 3126 189 3187 animi
220 3146 257 3188 ac
281 3126 610 3208 roborislexigentes?
643 3128 767 3208 quaeris
798 3127 885 3208 quod
914 3127 954 3189 sit
982 3128 1023 3189 ad
1047 3109 1224 3190 libertatem
1248 3126 1323 3190 iter?

103 3230 256 3310 quaelibet
280 3233 468 3314 incorpore
492 3242 548 3295 tuo
573 3253 661 3295 uena.

110 3515 117 3564 1
139 3518 247 3580 apposuit
269 3515 296 3583 (p
309 3516 393 3586 prior
412 3515 495 3582 corr.)
582 3517 597 3568 2
617 3516 697 3565 afferri
717 3513 807 3586 (prior
826 3516 837 3563 1
853 3517 938 3579 corr.)
1023 3514 1038 3566 4
1058 3521 1092 3567 no
1112 3532 1140 3565 os
1160 3515 1252 3584 (corn,
1268 3514 1323 3584 sud

106 3603 188 3674 nonos)
278 3605 343 3670 apud
364 3604 391 3670 (d
411 3601 494 3672 corr.)
585 3605 691 3660 iocunda
711 3605 736 3669 (ο
756 3605 840 3668 corr.)
932 3603 1057 3668 ipenam
1147 3605 1240 3670 colligo

109 3689 138 3742 10
155 3694 293 3760 nitaegenus
395 3700 459 3744 estur
478 3689 618 3746 Muretus:
640 3693 718 3743 editur
738 3693 776 3758 (in
795 3707 860 3756 rar,
880 3691 906 3745 in
927 3707 1012 3761 rnnrp.
1033 3707 1066 3744 m.
1086 3695 1102 3744 4
1122 3706 1144 3746 0.
1164 3696 1238 3756 estur)
1332 3740 1337 3744 .

109 3778 136 3830 11
151 3783 212 3845 apud
231 3782 258 3846 (d
272 3782 355 3847 corr.)
442 3783 598 3832 arridendum
617 3780 706 3851 (prior
718 3797 729 3831 r
742 3781 824 3843 corr.)
906 3779 937 3834 11
951 3784 976 3831 in
988 3780 1166 3846 omipseruitute
1182 3796 1321 3852 superscr.

106 3875 112 3918 t
132 3870 178 3918 ofni
271 3873 345 3935 uiam,
365 3873 411 3921 nisi
430 3887 503 3937 aeger
522 3872 617 3921 animus
635 3879 678 3922 est.
698 3887 741 3921 suo
761 3871 820 3921 uitio
835 3887 867 3924 m.
884 3887 905 3922 e.
920 3872 958 3921 cui
972 3867 1102 3942 Maduiq:
1124 3873 1144 3920 si
1157 3886 1214 3941 pro
1233 3871 1278 3920 nisi
1298 3877 1323 3924 et

106 3959 193 4008 animus
218 3965 240 4010 et
266 3965 292 4012 ct
316 3961 373 4012 huic
395 3975 450 4031 pro
469 3961 507 4010 cui
527 3957 586 4013 cod.
698 3959 729 4013 17
748 3960 855 4018 amicott
875 3957 937 4027 (ami
956 3959 983 4013 in
999 3958 1056 4028 fine
1074 3974 1172 4013 uersus
1189 3958 1247 4012 sine
1266 3974 1321 4011 ras.

567 4042 577 4069 S

107 4077 207 4134 addidit
225 4100 257 4137 m.
277 4086 341 4150 sec.)
435 4081 467 4136 18
487 4060 574 4134 deman
670 4086 705 4150 qd
724 4091 836 4150 expectas
856 4089 880 4134 ut
900 4090 923 4134 te
942 4088 983 4134 aut
1002 4081 1081 4151 (daec
1099 4082 1188 4138 omnin
1207 4082 1234 4135 in
1253 4083 1321 4149 ras.)

190 4169 220 4224 19
241 4189 256 4237 p
277 4173 353 4242 (ras.)
438 4173 513 4225 exitiu
534 4171 610 4238 (ras.)
704 4173 738 4226 20
756 4175 860 4239 resperis
883 4173 921 4239 (in
940 4187 1026 4242 morp.
1046 4189 1080 4229 m.
1100 4176 1116 4225 4
1135 4187 1158 4226 o.
1177 4171 1320 4238 respexeris)

188 4277 218 4330 ‘22
231 4280 273 4330 illd
287 4280 316 4346 (d
329 4280 413 4345 corr.)
428 4295 496 4329 mure
568 4281 626 4330 illud
641 4281 668 4345 (d
682 4281 764 4345 corr.)
833 4267 909 4330 iimo
923 4279 1041 4346 (inrue.)
1103 4277 1159 4330 ‘23
1175 4277 1320 4328 retorridam

109 4413 259 4475 Pincianus:
280 4368 413 4474 etinidam
432 4423 533 4492 (potest
551 4438 562 4470 r
580 4425 644 4475 ante
662 4427 685 4472 et
701 4419 800 4490 fnisse)
874 4421 907 4474 24
927 4422 984 4472 inde
1003 4419 1040 4484 (in
1059 4420 1125 4485 ras.)

1068 4509 1082 4562 7
1091 4509 1104 4541 *
