3212 5326
310 340 349 401 64
675 333 809 376 oraurv.
839 308 879 374 oa
894 333 946 374 ran
960 332 1016 375 urs.
1031 332 1061 375 11.
1091 335 1123 376 10.
1141 333 1172 375 n.

310 503 384 545 suos
423 484 572 545 medicus.
630 457 783 564 mimquid
819 481 883 556 ille,
918 481 1002 542 cuius
1040 479 1200 560 nauigium
1236 476 1369 540 multam
1399 480 1544 561 undiquel

308 589 422 651 laxatis
453 588 649 670 conpagibus
679 609 794 670 aquam
818 586 927 661 trabit,
960 585 1062 647 nautis
1085 585 1205 666 ipsique
1227 585 1353 665 nauigio
1376 585 1516 646 irascitur?

310 696 443 758 occurrit
473 696 578 776 potius
609 703 641 756 et
663 694 755 768 aliam
780 694 922 756 excludit
941 694 1080 766 undam,
1111 691 1204 752 aliam
1228 692 1341 771 egerit,
1372 690 1518 754 manifesta

308 800 462 864 foramina
485 800 675 884 praecludit,
706 799 876 863 latentibus
899 808 997 862 etex
1021 797 1147 862 occulto
1170 799 1326 860 sentinam
1351 798 1518 860 ducentibus

282 907 418 968 blabore
450 908 597 970 continuo
629 909 752 970 resistit.
798 927 857 969 nec
887 909 960 970 ideo
988 906 1177 980 intermittit,
1208 905 1280 986 quia
1303 915 1451 986 quantum
1473 929 1517 968 ex-

256 1066 259 1076 .
308 1012 455 1074 baustum
487 1023 536 1074 est
565 1014 770 1076 subnascitur.
820 1013 906 1075 lento
937 1013 1092 1074 adiutorio
1123 1032 1205 1093 opus
1232 1019 1281 1074 est
1312 1020 1423 1073 contra
1450 1011 1519 1074 mala

309 1120 456 1180 continua
478 1129 512 1181 et
534 1119 677 1194 fecunda,
700 1141 766 1182 non
789 1132 821 1182 ut
845 1111 996 1194 desiriant,
1020 1120 1078 1180 sed
1101 1138 1141 1181 ne
1164 1119 1297 1182 uincant.

396 1225 452 1287 XI.
484 1225 576 1288 Vtilis
599 1234 655 1300 est,
679 1225 785 1307 inquit,
808 1227 861 1300 ira,
884 1226 957 1307 quia
972 1233 1192 1306 contemptum
1209 1222 1326 1304 effugit,
1345 1224 1420 1305 quia
1433 1223 1544 1286 malosi

307 1339 411 1393 terret.
450 1332 586 1414 primum
609 1332 662 1406 ira,
686 1332 711 1393 si
733 1341 887 1422 quantum
911 1333 1047 1392 minatur
1068 1330 1159 1406 ualet,
1183 1330 1227 1391 ob
1251 1329 1313 1391 hoc
1328 1331 1431 1412 ipsum
1446 1332 1520 1412 quod

269 1452 291 1492 ¹⁰
306 1436 449 1500 terribilis
480 1447 543 1513 est,
575 1447 606 1500 et
636 1439 734 1500 inuisa
765 1447 822 1500 est.
867 1436 1068 1519 periculosius
1099 1446 1148 1499 est
1178 1446 1285 1498 autem
1312 1436 1416 1498 timeri
1438 1456 1520 1517 quarn

307 1545 432 1625 despici.
478 1545 503 1606 si
533 1564 609 1605 uero
641 1546 706 1606 sine
737 1544 852 1607 uiribus
876 1553 932 1618 est,
964 1544 1066 1624 magis
1097 1543 1244 1624 exposita
1267 1542 1460 1623 contemptui
1481 1551 1520 1603 est

208 1733 210 1736 Ι
306 1659 339 1712 et
369 1651 506 1711 derisum
537 1671 602 1712 non
625 1649 744 1731 effugit.
789 1651 865 1732 quid
893 1650 976 1711 enim
1000 1659 1049 1711 est
1071 1650 1230 1710 iracundia
1252 1649 1283 1710 in
1305 1668 1520 1730 superuacuum

305 1756 516 1818 tumultuante
539 1755 697 1836 frigidius?
737 1757 852 1818 deinde
875 1776 939 1817 non
962 1757 1035 1817 ideo
1058 1756 1233 1837 quaedam,
1256 1755 1329 1836 quia
1351 1764 1426 1816 sunt
1446 1755 1545 1816 terri-'2

305 1862 428 1936 biliora,
458 1864 584 1943 potiora
614 1871 693 1924 sunt.
747 1882 806 1924 nec
835 1861 898 1923 hoc
927 1861 1080 1944 sapientia
1111 1862 1170 1923 dici
1202 1860 1292 1936 uelit,
1323 1863 1413 1943 quod
1441 1860 1520 1934 serae,

267 1984 291 2024 u
306 1970 454 2050 sapientis
478 1989 604 2056 quoque
627 1968 726 2030 telum
749 1989 827 2043 esse,
851 1969 961 2031 timeri.
1008 1969 1156 2049 etquid?
1192 1988 1256 2029 non
1279 1969 1409 2029 timetur
1430 1967 1519 2041 febris,

304 2077 457 2156 podagra,
482 2074 567 2136 ulcus
596 2075 735 2136 malum?
768 2076 919 2157 numquid
942 2076 1015 2136 ideo
1038 2074 1206 2156 quicquam
1230 2075 1262 2135 in
1284 2075 1349 2136 istis
1373 2075 1449 2137 boni
1463 2078 1519 2136 est?

304 2190 337 2242 at
359 2189 470 2243 contra
493 2181 600 2244 omnia
624 2183 775 2264 despecta
797 2181 954 2262 foedaque
977 2161 1009 2243 et
1032 2181 1149 2262 turpia,
1180 2181 1248 2262 ipso
1273 2201 1336 2263 quo
1360 2181 1518 2243 timentur:

303 2289 348 2349 sic
370 2288 415 2349 ira
437 2309 494 2370 per
518 2308 552 2350 se
576 2286 727 2350 deformis
751 2297 799 2349 est
818 2297 850 2348 et
866 2289 993 2349 minime
1009 2288 1189 2361 metuenda
1213 2295 1246 2348 at
1261 2288 1391 2349 timetur
1407 2308 1425 2348 a
1439 2286 1519 2370 pluri-

304 2395 363 2456 bus
394 2395 474 2456 sicut
505 2394 655 2456 deformis
683 2414 819 2476 persona
849 2394 890 2455 ab
914 2393 1089 2455 infantibus.
1136 2393 1218 2474 quid,
1242 2394 1329 2475 quod
1352 2413 1476 2474 semper
1495 2393 1545 2452 inl

263 2516 289 2556 aa
304 2509 448 2562 auctores
463 2502 621 2562 redundat
635 2501 731 2563 timor
746 2520 805 2562 nec
813 2501 977 2582 quisquam
993 2500 1140 2561 metuitur
1152 2499 1220 2580 ipse
1228 2502 1373 2561 securus?
1391 2505 1520 2562 occurrat

303 2604 366 2667 hoc
396 2605 468 2667 loco
500 2605 556 2668 tibi
587 2605 781 2668 Laberianus
810 2605 861 2667 ille
892 2626 1012 2681 uersus,
1051 2607 1103 2686 qui
1135 2607 1241 2668 medio
1273 2604 1353 2666 ciuili
1388 2605 1469 2669 bello
1496 2603 1520 2664 in

303 2710 429 2774 theatro
454 2713 556 2774 dictus
579 2721 683 2775 totum
706 2713 737 2774 in
761 2733 795 2774 se
817 2711 970 2793 populum
993 2733 1059 2774 non
1081 2711 1171 2774 aliter
1193 2712 1365 2786 conuertit,
1390 2709 1520 2793 quamsi

304 2821 399 2881 missa
422 2829 506 2882 esset
529 2841 594 2882 uox
618 2819 732 2902 publici
755 2819 911 2894 adsectuS,
964 2847 967 2853 ·

546 2966 653 3005 necesse
675 2941 716 3004 eit
736 2947 838 3004 multas
861 2947 959 3004 timeat
979 2965 1061 3020 quem
1084 2947 1167 3002 malti
1187 2948 1292 3004 tineent.

264 3083 289 3123 ²⁵
303 3071 346 3130 ita
369 3077 480 3130 natura
503 3069 672 3143 constituit,
703 3077 737 3130 ut
760 3067 910 3149 quidquid
934 3068 1035 3129 alieno
1060 3075 1146 3130 metu
1170 3087 1322 3148 magnum
1346 3076 1404 3142 est,
1433 3087 1451 3128 a
1472 3069 1547 3126 suoi

303 3196 368 3235 non
391 3184 490 3237 uacet.
528 3175 657 3236 leonum
681 3196 776 3255 quam
800 3175 914 3256 pauida
930 3182 1001 3235 sunt
1018 3175 1059 3247 ad
1075 3173 1250 3235 lenissimos
1266 3192 1364 3235 sonos
1380 3172 1521 3256 pectora?

304 3281 470 3342 acerrimas
494 3279 574 3342 seras
597 3269 710 3342 urribra
733 3289 765 3342 et
788 3302 855 3343 uox
879 3289 910 3342 et
934 3281 1017 3342 odor
1031 3280 1172 3342 insolitus
1190 3281 1341 3360 exagitat.
1381 3276 1521 3361 quidquid
1558 3314 1561 3324 ·

309 3527 465 3592 lnauigium
484 3525 581 3597 culpo:
602 3529 757 3592 naufragium
851 3527 879 3578 ll
901 3528 1011 3592 exposita
1030 3525 1075 3594 (ita
1094 3526 1121 3578 in
1140 3527 1207 3592 ras.)
1306 3526 1338 3578 l2
1358 3527 1432 3590 insup
1451 3527 1522 3572 uacul'l

378 3615 408 3666 ll
429 3632 474 3665 nec
493 3617 542 3665 hoc
561 3617 681 3680 sapientia
700 3617 750 3665 dici
768 3616 834 3677 uelit,
853 3616 921 3679 quod
939 3615 1013 3675 serae,
1033 3615 1149 3680 sapientis
1168 3631 1264 3680 quoque
1277 3615 1352 3664 telum
1371 3630 1434 3676 esse,
1452 3611 1523 3662 timeri

304 3771 435 3843 Madaip:
464 3791 494 3823 ne
513 3777 562 3824 hoc
581 3777 700 3839 sapientia
714 3775 763 3824 dici
782 3775 854 3823 uelim
879 3776 947 3838 quod
965 3704 1042 3838 ligii?
1059 3774 1176 3838 sapientis
1199 3790 1276 3838 qu0q;
1309 3773 1363 3824 tell]
1390 3766 1427 3822 est
1452 3771 1524 3821 timeri

304 3900 391 3965 (bestie
410 3913 550 3966 suprascr.
570 3914 603 3952 na.
623 3898 689 3964 rac)
764 3897 795 3950 15
816 3905 839 3947 et
856 3899 933 3962 quid?
952 3895 1029 3950 Koch
1049 3895 1129 3963 (conl.
1149 3895 1183 3950 da
1202 3895 1260 3950 berc.
1275 3901 1299 3960 5,
1318 3899 1356 3959 19,
1371 3897 1417 3963 7):
1442 3867 1465 3898 ‘t
1473 3894 1523 3960 quid

304 3984 364 4040 cod.
375 3989 463 4051 ecquid
474 3985 555 4055 aalqo
621 3986 653 4040 16
668 3986 775 4052 nunquia
789 3985 814 4052 (n
827 3985 937 4038 uidetur
949 4003 974 4034 m
984 3984 1083 4054 faisse,
1098 4003 1112 4034 a
1125 3986 1153 4038 in
1165 3988 1183 4034 d
1195 3985 1278 4050 corr.)
1350 3985 1383 4037 17
1397 3992 1424 4034 at
1437 3982 1522 4051 (corr.)

306 4073 345 4128 Dc
352 4074 501 4144 particulis
514 4084 538 4124 at
556 4081 642 4125 contra
661 4072 738 4144 apad
752 4072 882 4128 Senecam
901 4073 1059 4143 saepissima
1078 4073 1227 4128 corrannctr's
1241 4070 1323 4126 Gertz
1341 4089 1398 4126 non
1418 4069 1524 4126 debebat

305 4162 430 4217 dubitare
532 4164 615 4228 spdaq;
722 4165 776 4228 ipso
795 4180 843 4228 quo
861 4160 914 4215 icoc
931 4170 972 4216 est
989 4180 1038 4227 quo
1057 4165 1120 4228 ipso,
1144 4163 1184 4216 aaa
1201 4168 1231 4214 ul
1251 4159 1356 4215 Gcrlzii
1372 4161 1524 4214 coniectura

304 4254 406 4318 ipsoque
424 4269 454 4302 eo
473 4252 629 4305 necessaria
647 4267 702 4305 non
720 4251 768 4310 sin
790 4249 824 4305 aa
842 4249 1026 4305 conlocatione
1044 4252 1121 4305 nocis
1139 4254 1194 4318 ipso
1214 4249 1329 4319 cfi'La'a.
1343 4253 1387 4313 42,
1405 4253 1436 4302 11
1457 4251 1523 4299 bene

207 4394 209 4397 ,
289 4343 366 4402 ἱ[ἰοῑίε
385 4344 458 4392 etiam
472 4343 529 4408 suis,
547 4335 655 4406 ingentia
674 4357 736 4405 quae
754 4342 779 4389 in
798 4357 852 4389 eum
866 4347 983 4404 congesta
1002 4351 1070 4391 erant
1136 4341 1168 4393 21
1190 4341 1255 4390 ciuili
1274 4341 1342 4390 bello
1360 4337 1462 4408 uulqo:
1483 4331 1522 4387 cui'

303 4429 389 4479 libello
403 4429 439 4496 (in
453 4447 540 4499 marp.
553 4425 595 4496 ei')
668 4430 700 4482 23
715 4430 814 4478 affectus
829 4428 943 4498 (priori
952 4430 1035 4494 corr.)
1108 4429 1141 4482 25
1155 4431 1224 4495 chd
1295 4428 1329 4481 27
1342 4429 1460 4496 quicquid
