3272 5334
300 391 337 448 10
517 381 595 423 urai.
615 382 633 426 1.
651 379 752 432 ovans
770 377 879 431 nuera
899 377 1088 419 rucouuoon
1108 375 1196 418 sorus
1217 376 1294 418 vuus
1339 361 1342 368 '

294 504 389 610 quem
413 525 585 610 specularia
607 547 733 608 semper
755 526 796 588 ab
820 525 938 588 adflatu
954 524 1198 598 uindicauerunt,
1221 522 1306 586 cuius
1321 523 1422 604 pedes
1437 523 1515 585 inter

293 634 435 696 fomenta
465 634 598 695 subinde
626 642 747 696 mutata
777 641 957 714 tepuerunt,
989 632 1074 694 cuius
1104 631 1284 692 cenationes
1315 630 1462 692 subditus
1485 637 1517 691 et

293 741 462 822 parietibus
493 738 695 802 circumfusus
725 738 809 801 calor
832 737 1036 820 temperauit,
1060 737 1143 798 hunc
1166 736 1241 798 leuis
1265 755 1339 798 aura
1362 755 1427 797 non
1451 737 1515 798 sine

294 845 432 927 periculo
460 847 600 926 stringet.
647 866 717 908 cum
746 846 852 907 omnia
874 863 956 926 quae
979 845 1183 906 excesserunt
1214 843 1347 904 modum
1372 851 1516 916 noceant,
1538 855 1567 906 til

267 979 278 1014 ε,
293 952 554 1032 perniciosissima
583 951 735 1015 felicitatis
766 951 1005 1032 intemperantia
1033 959 1098 1012 est:
1144 959 1253 1011 mouet
1276 948 1456 1023 cerebrum,
1488 949 1517 1008 in

294 1079 391 1120 uanas
422 1068 545 1120 mentes
576 1059 727 1139 imagines
755 1069 884 1131 euocat,
920 1044 1056 1118 multum
1084 1057 1164 1118 inter
1193 1055 1305 1117 salsum
1337 1075 1374 1117 ac
1406 1074 1517 1128 uerum

294 1166 417 1228 mediae
448 1164 584 1244 caliginis
616 1164 722 1226 fundit.
768 1165 875 1244 quidni
907 1164 1001 1224 satius
1032 1163 1071 1224 sit
1094 1170 1279 1244 perpetuam
1303 1160 1515 1223 infelicitatem

293 1275 448 1335 aduocata
487 1272 600 1333 uirtute
638 1271 789 1333 sustinere
819 1289 915 1351 quam
946 1268 1069 1330 infinitis
1102 1277 1197 1348 atque
1228 1267 1393 1329 inmodicis
1425 1266 1518 1328 bonis

293 1379 413 1460 rumpi?
457 1378 555 1440 lenior
577 1377 690 1440 ieiunio
714 1397 801 1439 mors
824 1386 888 1439 est:
923 1376 1076 1438 cruditate
1100 1373 1260 1436 dissiliunt.
1305 1373 1387 1434 hanc
1410 1373 1518 1454 itaque
1539 1385 1563 1436 ll

254 1512 277 1552 ro
292 1475 445 1546 rationem
469 1484 501 1546 di
524 1493 695 1564 sequuntur
718 1484 748 1544 in
771 1483 864 1545 bonis
886 1482 966 1554 uiris,
990 1501 1085 1562 quam
1108 1482 1138 1542 in
1163 1479 1318 1561 discipulis
1345 1480 1407 1540 suis
1423 1499 1515 1561 prae-

264 1658 266 1664 ,
292 1601 445 1672 ceptores,
469 1590 521 1671 qui
544 1589 614 1671 plus
637 1590 753 1651 laboris
777 1590 818 1651 ab
841 1589 876 1652 iis
898 1589 1039 1669 exigunt,
1063 1589 1093 1650 in
1108 1587 1222 1667 quibus
1238 1587 1352 1649 certior
1367 1605 1441 1667 spes
1458 1594 1516 1648 est.

291 1697 443 1777 numquid
466 1705 500 1757 tu
524 1697 639 1756 inuisos
663 1715 733 1757 esse
748 1695 1008 1758 Lacedaemoniis
1023 1694 1140 1756 liberos
1155 1713 1230 1786 pros
1246 1693 1354 1767 credis,
1377 1711 1517 1772 quorum

291 1803 499 1884 experiuntur
521 1801 660 1865 indolem
684 1802 808 1884 publice
831 1802 1014 1864 uerberibus
1037 1801 1196 1863 admotis?
1235 1800 1292 1881 ipsi
1315 1797 1384 1860 illos
1407 1805 1518 1879 patres

290 1909 512 1984 adhortantur,
544 1917 578 1970 ut
608 1909 687 1969 ictus
718 1907 914 1988 flagellorum
946 1907 1067 1972 fortiter
1097 1905 1255 1988 perierant
1279 1916 1310 1966 et
1333 1904 1455 1966 laceros
1480 1925 1519 1964 ac

251 2041 275 2081 1⁵
290 2016 487 2077 semianimes
511 2023 633 2095 rogant,
656 2023 858 2096 perseuerent
882 2013 1011 2075 uolnera
1031 2014 1183 2094 praebere
1204 2011 1391 2074 uolneribus.
1439 2011 1519 2090 quid
1540 1999 1566 2073 12

290 2123 412 2194 mirum,
435 2122 460 2182 si
484 2123 561 2182 dure
584 2141 757 2202 generosos
780 2121 904 2202 spiritus
921 2122 1000 2182 deus
1015 2123 1169 2200 temptat?
1204 2138 1376 2198 numquam
1394 2117 1520 2180 uirtutis

289 2226 385 2290 molle
408 2229 634 2290 documentum
659 2235 715 2288 est.
755 2225 901 2288 uerberat
924 2245 983 2288 nos
999 2233 1031 2288 et
1046 2225 1162 2301 lacerat
1178 2223 1309 2287 fortuna.
1342 2223 1515 2305 patiamur:

289 2343 417 2396 nonest
436 2333 574 2407 saeuitia,
597 2342 756 2394 certamen
781 2342 844 2408 est;
870 2333 958 2413 quod
982 2332 1006 2394 si
1029 2332 1153 2413 saepius
1169 2331 1345 2404 adimimus,
1369 2327 1520 2393 fortiores

289 2441 411 2502 erimus.
457 2438 645 2502 solidissima
668 2438 807 2520 corporis
830 2459 903 2520 pars
927 2447 974 2501 est
997 2449 1093 2519 quam
1113 2436 1258 2518 frequens
1274 2455 1347 2497 usus
1363 2435 1516 2516 agitauit:

248 2571 274 2610 ao
288 2545 460 2627 praebendi
475 2543 620 2607 fortunae
635 2565 752 2619 sumus,
769 2553 803 2606 ut
819 2553 929 2606 contra
943 2544 1026 2606 illam
1044 2544 1085 2605 ab
1101 2543 1169 2624 ipsa
1177 2545 1335 2604 duremur.
1362 2543 1519 2624 paulatim

288 2673 347 2714 nos
363 2652 421 2713 sibi
436 2671 528 2733 pares
543 2650 643 2712 faciet.
668 2660 888 2733 contemptum
904 2651 1114 2733 periculorum
1130 2651 1302 2712 adsiduitas
1318 2649 1519 2731 periclitandi
1582 2733 1584 2738 Ι

288 2755 385 2821 dabit.
422 2757 466 2819 sic
480 2768 553 2820 sunt
568 2759 698 2820 nauticis
714 2777 849 2838 corpora
865 2777 882 2819 e
898 2756 1028 2820 serendo
1045 2757 1122 2820 mari
1139 2758 1225 2830 dura,
1242 2755 1385 2836 agricolis
1401 2776 1519 2819 manus
1540 2774 1568 2825 lu

287 2865 394 2940 tritae,
435 2866 476 2925 ad
515 2864 703 2927 excutienda
741 2863 805 2926 tela
843 2864 991 2926 militares
1021 2863 1128 2925 lacerti
1160 2862 1280 2936 ualent,
1318 2861 1410 2942 agilia
1441 2874 1519 2927 sunt

287 2970 431 3032 membra
455 2969 650 3042 cursoribus:
684 2970 714 3031 id
738 2971 768 3032 in
791 2989 918 3052 quoque
942 2969 1163 3032 solidissimum
1187 2976 1235 3030 est
1258 2969 1346 3049 quod
1362 2972 1519 3033 exercuit.

247 3103 272 3142 u
287 3078 328 3138 ad
359 3077 626 3139 contemnendam
656 3078 832 3158 potentiam
865 3075 1017 3138 malorum
1041 3076 1162 3138 animus
1185 3074 1336 3156 patientia
1358 3076 1518 3155 peruenit,

286 3202 368 3263 quae
399 3182 475 3262 quid
493 3183 537 3241 ·in
570 3181 661 3243 nobis
690 3181 813 3244 efficere
836 3183 935 3264 possit
958 3183 1050 3257 scies,
1081 3183 1105 3243 si
1129 3182 1327 3263 adspexeris‚
1358 3191 1518 3261 quantum

286 3289 463 3349 nationibus
487 3287 578 3350 nudis
602 3298 634 3350 et
657 3289 761 3369 inopia
784 3287 964 3350 fortioribus
993 3287 1083 3349 labor
1105 3297 1253 3368 praestet.
1300 3305 1412 3348 omnes
1437 3308 1517 3351 con·
1544 3302 1567 3354 ll

286 3395 388 3456 sidera
418 3403 543 3475 gentes
574 3394 605 3455 in
628 3395 741 3476 quibus
764 3395 911 3457 Romana
934 3415 998 3476 pax
1023 3393 1155 3455 desinit:
1182 3393 1360 3456 Germanos
1383 3393 1457 3456 dico
1486 3405 1519 3458 et

286 3501 439 3582 quidquid
462 3500 543 3562 circa
559 3501 701 3562 Histrum
726 3520 877 3581 uagarum
901 3501 1042 3582 gentium
1066 3509 1219 3562 occursat.
1267 3507 1422 3581 perpetua
1445 3499 1519 3564 illos

222 3759 224 3764 ·
288 3729 404 3781 laiflatu
494 3729 737 3794 lpemiciosissima
755 3725 906 3798 Woelfflin:
935 3729 1141 3793 periculosissima
1235 3718 1350 3792 iquidni
1370 3725 1516 3784 Muretus:

285 3871 320 3936 qd
338 3888 369 3920 ne
388 3873 407 3919 is
468 3871 644 3922 &immodicis
713 3870 744 3922 lll
764 3871 800 3919 dii
865 3877 978 3935 sequntur
1038 3876 1210 3934 praeceptores
1223 3869 1263 3934 qui
1281 3869 1334 3933 plus
1353 3869 1448 3920 laboris
1462 3819 1520 3924 abls

286 3959 339 4025 (qui
357 3957 410 4024 plus
429 3973 500 4011 ulau,
527 3973 581 4011 rec.
600 3957 809 4028 suprascripsit,
835 3955 923 4011 deleta
945 3957 1085 4027 scriptura
1106 3971 1202 4009 manus
1224 3953 1337 4010 alterius
1357 3959 1441 4024 qplus)

361 4048 392 4100 12
404 4048 488 4112 nunqd
546 4047 576 4098 15
587 4048 685 4097 uulnera
698 4049 801 4112 prebere
814 4046 951 4096 uulneribus
1009 4045 1040 4097 17
1054 4042 1318 4110 patiamurMurerus:
1334 4048 1443 4110 patimur

290 4189 320 4241 tu
339 4190 424 4238 seuitia
502 4189 536 4253 qd
555 4145 635 4252 s⁵;pius
717 4187 887 4252 adprehendi
961 4163 1088 4237 durem’us'
1108 4188 1145 4253 (us
1158 4186 1307 4251 mararec.)
1387 4191 1419 4242 21
1441 4193 1520 4244 saciet

287 4291 377 4346 Koch:
391 4296 466 4344 iaciat
535 4295 569 4346 22
582 4270 615 4343 sic
630 4301 682 4343 sunt
746 4293 873 4342 eserendo
889 4291 984 4346 Gertz:
1005 4294 1128 4343 efferendo
1195 4293 1228 4346 25
1243 4292 1443 4360 αάξὶεπιρηεηόᾶ

286 4385 398 4446 potentia·
421 4383 520 4441 malolt.
545 4380 604 4436 cod.
627 4384 746 4432 malorum
772 4383 907 4446 potentiam
932 4380 1015 4450 uulqo
1105 4381 1139 4434 26
1159 4384 1287 4446 aspexeris·
1370 4385 1405 4437 27
1424 4397 1519 4450 prestet

375 4471 408 4523 29
427 4473 544 4536 quicquid
