3212 5326
309 339 350 400 50
686 333 766 375 urst.
783 333 822 378 111.
851 333 891 374 DE
906 333 958 374 IRA
973 334 1028 377 LIB.
1043 334 1061 376 Ι.
1079 335 1102 376 16
1119 336 1150 378 Π.

308 479 407 541 noxio
437 477 602 561 imperabo
631 480 769 559 praecidi
792 489 825 542 et
847 499 920 540 cum
943 480 1113 562 parricidas
1136 479 1258 542 insuam
1283 477 1383 541 culleo
1404 489 1512 543 etcum

308 587 433 648 mittam
456 587 487 646 in
510 584 695 668 supplicium
718 585 849 649 militare
865 595 897 648 et
913 607 984 648 cum
999 586 1137 668 Tarpeio
1151 587 1351 668 proditorem
1366 586 1513 650 hostemue

307 691 468 774 publicum
490 693 649 775 inponam,
672 693 739 754 sine
760 694 806 755 ira
828 713 868 754 eo
892 693 980 754 uoltu
1003 695 1173 774 animoque
1196 714 1261 768 er0,
1284 714 1348 774 quo
1371 705 1514 774 serpentes
1585 723 1586 736 ¹

308 807 340 862 et
363 798 508 862 animalia
530 808 687 861 uenenata
708 801 859 880 percutio.
904 800 1064 862 iracundia
1091 820 1172 881 opus
1195 808 1244 862 est
1267 800 1309 861 ad
1331 799 1539 883 puniendum.6

281 906 402 989 tquid?
440 905 497 968 tibi
527 905 581 968 lex
611 907 736 968 uidetur
758 907 847 968 irasci
869 907 920 982 ἱίε,
943 927 1024 988 quos
1048 926 1113 969 non
1135 908 1233 982 nouit,
1255 927 1337 987 quos
1360 928 1423 969 non
1444 909 1515 981 uidit,
1585 899 1586 962 i

307 1034 388 1094 quos
412 1033 476 1075 non
499 1011 621 1075 futuros
643 1016 769 1096 sperat?
802 1011 880 1075 illius
902 1014 1009 1094 itaque
1031 1015 1204 1076 sumendus
1227 1023 1277 1076 est
1299 1014 1428 1088 animus
1448 1035 1515 1095 quae
1585 1005 1586 1022 ³

307 1139 373 1182 non
396 1105 548 1194 irascitur,
578 1121 636 1181 sed
660 1121 829 1182 constituit.
874 1139 948 1182 nam
972 1119 997 1181 si
1020 1119 1108 1181 bono
1131 1120 1199 1182 uiro
1223 1121 1266 1182 ob
1291 1120 1375 1182 mala
1397 1119 1516 1183 facinora
1585 1127 1586 1138 ¹

307 1226 395 1287 irasci
426 1225 585 1300 conuenit,
617 1234 649 1288 et
679 1226 723 1287 ob
753 1227 907 1288 secundas
938 1245 988 1287 res
1019 1225 1176 1288 malorum
1206 1225 1372 1304 hominum
1394 1227 1516 1290 inuidere

308 1332 483 1394 conueniet.
528 1333 604 1413 quid
627 1332 710 1394 enim
734 1341 782 1394 est
804 1331 960 1412 indignius
983 1352 1079 1414 quam
1104 1332 1218 1394 florere
1240 1335 1398 1414 quosdam
1421 1341 1452 1396 et
1471 1354 1516 1395 eos
1585 1347 1586 1354 ’

269 1446 293 1486 1⁰
308 1438 501 1519 indulgentia
532 1437 676 1500 fortunae
698 1438 797 1513 abuti,
828 1438 941 1520 quibus
963 1438 1048 1522 nulia
1069 1448 1179 1520 potest
1201 1440 1276 1500 satis
1299 1439 1385 1502 mala
1406 1440 1516 1502 inueniri

306 1545 451 1607 fortuna?
497 1545 555 1606 sed
590 1553 657 1606 tam
686 1546 859 1607 commoda
889 1544 1014 1607 illorum
1044 1545 1111 1606 sine
1140 1546 1256 1608 inuidia
1286 1546 1407 1609 uidebit
1435 1567 1516 1628 quam

305 1649 424 1713 scelera
446 1651 512 1713 sine
538 1652 591 1714 ira.
628 1651 732 1714 bonus
755 1651 852 1712 iudex
875 1651 1006 1714 damnat
1028 1651 1237 1733 inprobanda,
1259 1673 1324 1714 non
1345 1645 1437 1714 odit(
1455 1650 1543 1733 quidi

307 1761 406 1838 ergo?
452 1778 530 1833 non,
568 1777 640 1820 cum
671 1758 826 1820 eiusmodi
855 1756 971 1838 aliquid
1002 1759 1126 1842 sapiens
1156 1757 1288 1820 habebit
1318 1759 1350 1820 in
1382 1759 1517 1831 manibus,

306 1871 454 1943 tangetur
483 1864 605 1926 animus
635 1865 700 1926 eius
731 1865 851 1945 eritque
882 1862 977 1926 solito
1008 1864 1220 1927 commotior?
1259 1864 1372 1929 fateor.
1421 1866 1518 1928 sentiet

205 2011 211 2020 .
269 1984 292 2025 rs
307 1969 411 2030 leuem
441 1970 601 2051 quendam
632 1980 823 2053 tenuemque
854 1980 987 2033 motum.
1040 1991 1130 2047 nam,
1167 1978 1203 2032 ut
1234 1972 1310 2034 dicit
1341 1972 1461 2046 Zenon,
1490 1970 1516 2030 in

305 2075 460 2156 sapientis
481 2095 600 2158 quoque
622 2078 747 2153 animo,
769 2077 868 2138 etiam
899 2097 969 2139 cum
992 2077 1105 2139 uolnus
1128 2085 1280 2139 sanatum
1303 2087 1368 2154 est,
1400 2077 1518 2139 cicatrix

305 2191 420 2245 manet.
466 2184 579 2245 sentiet
602 2185 707 2264 itaque
730 2185 923 2267 suspiciones
947 2185 1102 2264 quasdam
1127 2193 1159 2245 et
1182 2184 1311 2247 umbras
1327 2184 1514 2246 adfectuum:

304 2289 378 2370 ipsis
401 2290 530 2370 quidem
554 2289 681 2352 carebit.

394 2395 497 2459 XVII.
536 2395 727 2458 Aristoteles
757 2397 800 2458 ait
823 2395 969 2476 adfectus
999 2395 1168 2478 quosdam,
1200 2396 1233 2457 si
1260 2396 1332 2478 quis
1364 2396 1430 2459 illis
1455 2396 1541 2458 benet

265 2509 428 2576 mutatur,
452 2511 517 2580 pro
547 2501 648 2563 armis
676 2522 753 2566 esse.
805 2503 892 2584 quod
923 2523 1032 2566 uerum
1063 2501 1157 2578 soret,
1188 2504 1214 2565 si
1244 2502 1330 2565 uelut
1354 2503 1462 2565 bellica
1480 2503 1516 2562 in-

305 2615 481 2669 strumenta
510 2609 591 2669 sumi
623 2609 803 2691 deponique
824 2616 956 2691 possent
979 2610 1136 2671 induentis
1158 2608 1296 2672 arbitrio.
1344 2610 1424 2672 haec
1444 2627 1518 2671 arma

269 2755 281 2764 ι
305 2735 386 2797 quae
408 2713 600 2776 Aristoteles
631 2716 735 2778 uirtuti
759 2717 829 2792 dat,
859 2717 927 2798 ipsa
949 2737 1006 2797 per
1028 2736 1062 2778 se
1085 2723 1241 2797 pugnant,
1271 2735 1337 2779 non
1363 2721 1517 2798 expectant

306 2841 442 2896 manum,
467 2830 499 2882 et
521 2819 650 2896 habent,
672 2843 738 2884 non
760 2822 925 2885 habentur.
971 2821 1013 2884 nil
1030 2821 1102 2896 ⁴aliis
1124 2823 1340 2885 instrumentis
1365 2843 1443 2904 opus
1462 2823 1543 2882 est29

305 2928 380 2990 satis
402 2948 461 2989 nos
484 2919 638 2989 instruxit
653 2929 774 2990 ratione
797 2937 917 2992 natura.
963 2929 1026 2991 hoc
1050 2929 1138 2991 dedit
1160 2929 1271 3004 telum,
1303 2930 1438 3003 firmum,
1458 2946 1516 3009 per-

213 3025 215 3030 '
265 3057 291 3098 25
305 3042 449 3115 petuum,
488 3033 679 3116 obsequens,
710 3055 770 3097 nec
801 3056 918 3118 anceps
947 3055 1007 3097 nec
1037 3037 1125 3118 quod
1156 3036 1187 3096 in
1218 3036 1386 3098 dominum
1416 3033 1518 3096 remitti

304 3147 422 3221 posset.
468 3161 532 3202 non
562 3142 604 3202 ad
634 3142 866 3224 prouidendum
889 3150 1027 3218 tantum,
1057 3144 1115 3204 sed
1137 3142 1180 3203 ad
1203 3162 1253 3203 res
1276 3119 1434 3222 gerendas
1455 3139 1518 3201 satis

305 3253 354 3306 est
384 3265 440 3326 per
470 3265 504 3307 se
534 3247 602 3328 ipsa
632 3248 721 3310 rati0.
767 3249 884 3310 etenim
915 3249 991 3330 quid
1022 3255 1070 3310 est
1102 3247 1225 3310 stultius
1256 3269 1354 3329 quam
1386 3248 1465 3310 hanc
1484 3243 1518 3306 ab
1585 3277 1586 3308 r

304 3351 462 3414 iracundia
475 3360 584 3433 petere
596 3354 795 3434 praesidium,
810 3375 878 3416 rem
890 3352 1037 3416 stabilem
1047 3354 1088 3416 ab
1096 3353 1230 3430 incerta,
1239 3353 1368 3416 fidelem
1377 3355 1419 3417 ab
1427 3351 1520 3424 infida,

305 3477 414 3520 sanam
437 3458 479 3520 ab
502 3462 618 3539 aegra?
664 3461 747 3539 quid,
771 3462 859 3541 quod
882 3462 924 3543 ad
947 3461 1088 3522 actiones
1110 3481 1247 3541 quoque,
1269 3462 1301 3521 in
1320 3461 1436 3542 quibus
1455 3456 1543 3520 solist

224 3575 227 3580 ’
266 3589 292 3628 so
308 3584 405 3646 opera
427 3565 605 3636 iracundiae
628 3567 752 3627 uidetur
773 3568 956 3641 necessaria,
980 3566 1080 3629 multo
1103 3587 1160 3648 per
1183 3587 1218 3629 se
1241 3569 1320 3629 ratio
1337 3567 1449 3629 fortior
1465 3567 1519 3626 est?
1585 3563 1586 3566 ’

305 3691 379 3732 nam
402 3690 475 3732 cum
497 3671 644 3734 iudicauit
666 3671 782 3756 aliquid
805 3672 991 3748 iaciendum,
1015 3675 1046 3734 in
1070 3694 1109 3736 eo
1125 3681 1314 3754 perseuerat.
1354 3672 1430 3734 nihil
1447 3671 1518 3733 enim

305 3775 415 3852 melius
438 3778 602 3840 inuentura
625 3785 673 3840 est
696 3780 834 3860 seipsa,
866 3801 930 3860 quo
954 3788 1100 3842 mutetur.
1145 3781 1219 3842 ideo
1243 3788 1307 3842 stat
1329 3779 1432 3842 semel
1454 3797 1519 3839 con-

304 3883 434 3945 stitutis:
468 3884 546 3945 iram
569 3905 665 3965 saepe
689 3886 902 3948 misericordia
925 3895 1009 3957 retro
1034 3887 1106 3965 egit.
1153 3886 1250 3948 habet
1271 3888 1355 3948 enim
1376 3907 1442 3948 non
1456 3882 1546 3945 soli-4

304 3990 380 4050 dum
411 3989 517 4065 robur,
541 3991 598 4052 sed
622 4011 738 4052 uanum
762 4000 921 4053 tumorem
938 3991 1146 4074 uiolentisque
1162 3993 1318 4074 principiis
1335 3993 1440 4065 utitur,
1465 4009 1520 4050 non
1574 3991 1576 3998 ’

304 4255 403 4306 3uultu
472 4254 504 4307 16
523 4251 586 4304 uuln’
657 4255 690 4308 17
710 4257 817 4307 affectuu
887 4257 918 4308 19
938 4252 1015 4307 affect'
1081 4255 1115 4308 22
1133 4249 1327 4322 qusiristoreles
1346 4259 1372 4320 (a
1391 4266 1520 4326 superscr·

304 4358 338 4393 m.
354 4359 399 4410 pr.
419 4352 448 4396 ut
466 4341 533 4409 reid.)
617 4343 651 4396 24
671 4347 767 4394 ratione
785 4343 946 4397 deteriores:
973 4347 1059 4395 rationi
1128 4343 1178 4398 ,29
1198 4347 1325 4410 absegra
1411 4339 1520 4410 quidquid
1585 4335 1586 4350 ³

305 4431 337 4478 ad
356 4433 464 4482 actiones
482 4430 509 4484 B
516 4451 531 4482 rs
543 4433 639 4497 quidqd
640 4435 748 4483 actiones
