3184 5318
317 338 396 381 DlAL.
413 337 450 380 Vl.
478 336 521 378 AD
535 336 677 378 nanctum
694 337 733 378 DE
749 335 992 380 CONSOLATIONE.
1022 339 1053 381 hl.
1236 344 1297 406 139

4 505 5 570 j
92 488 204 566 perires,
230 496 265 548 ut
289 505 447 567 sperares,
472 493 643 560 metueres,
667 481 744 548 alios
769 495 863 566 teque
886 483 1082 565 inquietares,
1106 493 1243 548 mortem
1267 495 1299 548 et

91 595 197 656 timeres
222 601 255 654 et
279 603 407 674 optares
431 602 462 655 et
485 595 574 674 quod
597 601 645 654 est
668 593 857 673 pessimum,
885 611 1058 673 numquam
1081 594 1190 666 scires,
1215 593 1299 656 cuius

5 765 6 776 χ
66 703 159 761 besses
179 707 291 762 status.
323 699 348 762 si
371 700 439 780 quis
455 698 629 780 Syracusas
652 699 771 780 petenti
794 699 930 762 diceret:
958 699 1065 760 omnia
1087 699 1300 774 incommoda,
1350 677 1353 692 ¹

90 825 183 867 omnes
229 805 411 888 uoluptates
452 805 575 869 suturae
613 805 873 886 peregrinationis
911 814 984 868 tuae
1021 815 1094 868 ante
1132 825 1300 886 cognosce,

5 965 6 986 ,
89 912 186 974 deinde
211 913 254 974 ita
278 913 399 994 nauiga.
438 912 516 975 haec
533 921 621 986 sunt,
643 931 725 993 quae
749 912 853 975 mirari
876 911 992 993 possis:
1021 910 1141 974 uidebis
1164 912 1327 993 primumi>

5 1052 7 1098 ,
90 1019 173 1100 ipsam
204 1019 340 1082 insulam
372 1017 413 1082 ab
444 1018 532 1082 ltalia
562 1027 697 1099 angusto
729 1019 941 1081 interscissam
970 1016 1066 1092 lret0,
1098 1038 1194 1099 quarn
1226 1039 1300 1082 con·

5 1153 6 1172 i
89 1127 180 1189 tinenti
212 1127 378 1206 quondam
403 1125 581 1188 cohaesisse
604 1134 738 1187 constat.
784 1125 922 1187 subitum
945 1123 997 1188 illo
1022 1144 1107 1186 mare
1131 1125 1245 1206 inrupit
1268 1136 1300 1188 et

355 1239 357 1245 '
422 1235 590 1311 Hispaniam
616 1235 712 1292 Siculo
736 1235 811 1294 laius
827 1235 952 1293 abscidit.

88 1337 186 1400 deinde
218 1338 359 1412 uidebiS,
390 1338 494 1402 licebit
517 1338 600 1400 enim
624 1336 680 1400 tibi
703 1337 916 1400 auidissimum
941 1339 1034 1400 maris
1058 1337 1206 1400 uerticem
1229 1358 1300 1419 per-

87 1446 234 1524 stringere,
259 1453 391 1508 stratam
416 1443 499 1507 illam
522 1443 699 1507 fabulosam
725 1441 930 1524 Charybdim,
953 1443 1105 1525 quamdiu
1128 1444 1169 1505 ab
1193 1453 1301 1506 austro
1317 1461 1340 1502 n

5 1543 6 1552 ¹
88 1562 180 1626 uacat,
203 1561 237 1614 at
262 1552 287 1613 si
311 1551 481 1632 quidinde
506 1550 723 1612 uehementius
746 1551 890 1632 spirauit,
921 1568 1038 1629 magno
1062 1549 1148 1612 hiatu
1172 1549 1299 1632 prolun-

4 1683 6 1740 ἦ
61 1658 180 1738 idoque
217 1659 346 1738 nauigia
383 1657 575 1720 sorbentem.
629 1654 750 1719 uidebis
789 1655 1069 1719 celebratissimum
1112 1657 1301 1719 carminibus

5 1753 6 1760 ἵ
86 1762 193 1826 sontem
218 1763 424 1838 Arethusam,
448 1762 623 1826 nitidissimi
645 1783 683 1824 ac
705 1762 854 1844 perlucidi
870 1763 912 1826 ad
928 1763 1025 1825 imum
1041 1764 1152 1843 stagni,
1176 1763 1300 1844 gelidis-

4 1899 5 1904 *
85 1870 167 1934 simas
190 1891 291 1952 aquas
315 1868 570 1952 profundentem,
595 1870 660 1932 siue
684 1867 750 1932 illas
772 1869 815 1932 ibi
837 1871 973 1952 primum
997 1870 1154 1952 nascentis
1176 1869 1302 1945 inuenit,

5 2025 6 2044 i
86 1977 141 2038 siue
167 1977 325 2060 inlapsum
356 1977 446 2039 terris
477 1975 591 2038 flumen
622 1978 780 2055 integrum
803 1976 913 2037 subter
936 1984 985 2039 tot
1009 1976 1106 2038 maria
1130 1985 1162 2037 et
1185 1997 1204 2038 a
1226 1996 1300 2041 con·
1319 1995 1341 2035 rs

4 2107 5 2112 ¹
60 2081 193 2146 liusione
216 2083 333 2165 peioris
357 2083 460 2144 undae
483 2091 642 2144 seruatum
674 2082 819 2144 reddidit.
865 2080 986 2144 uidebis
1017 2090 1145 2163 portum
1176 2083 1301 2163 quietis-

5 2215 6 2220 *
86 2190 188 2252 simum
212 2171 371 2264 omnium,
395 2209 475 2271 quos
498 2198 552 2251 aut
576 2199 687 2252 natura
710 2189 816 2270 posuit
847 2189 876 2249 in
908 2187 1039 2250 tutelam
1072 2187 1217 2251 classium
1248 2197 1302 2252 aut

4 2281 5 2292 ἵ
85 2297 191 2360 adiuuit
216 2317 339 2372 manuS,
361 2298 406 2359 sic
428 2305 546 2370 tutum,
569 2304 602 2357 ut
625 2316 664 2356 ne
689 2297 898 2358 maximarum
922 2295 1051 2377 quidem
1074 2303 1301 2376 tempestatum

4 2419 5 2422 ’
86 2400 170 2466 surori
200 2404 290 2466 locus
321 2403 370 2464 sit.
418 2403 538 2465 uidebis
569 2402 622 2465 ubi
645 2400 846 2464 Athenarum
877 2403 1020 2482 potentia
1043 2401 1154 2478 fracta,
1177 2401 1230 2463 ubi
1253 2411 1303 2464 tot

4 2509 5 2568 ἶ
86 2510 159 2572 milia
189 2511 388 2592 captiuorum
413 2507 463 2570 ille
486 2508 597 2572 excisis
621 2509 651 2570 in
674 2507 825 2570 infinitam
849 2507 1046 2572 altitudinem
1070 2509 1156 2570 saxis
1179 2509 1302 2571 natiuus
1316 2525 1342 2566 so

86 2635 181 2678 carcer
212 2616 394 2692 incluserat,
426 2617 527 2697 ipsam
558 2615 719 2695 ingentem
750 2616 907 2676 ciuitatem
932 2623 964 2676 et
987 2613 1088 2676 laxius
1112 2606 1332 2678 territorium‘

85 2742 171 2801 quam
195 2722 366 2785 multarum
391 2721 514 2804 urbium
538 2720 616 2786 fines
639 2729 727 2796 sunt,
758 2721 952 2803 tepidissima
975 2720 1106 2784 hiberna
1129 2731 1161 2784 et
1184 2721 1302 2783 nullum

58 2826 161 2890 tdiem
184 2829 251 2890 sine
275 2829 452 2891 interuentu
476 2828 558 2890 solis
590 2828 647 2891 sed
671 2848 742 2890 cum
766 2828 874 2890 omnia
896 2827 955 2890 ista
978 2829 1173 2908 cognoueris,
1198 2829 1302 2908 grauis

84 2943 111 2994 et
132 2934 293 2998 insalubris
316 2944 420 2998 aestas
443 2934 563 2998 hiberni
586 2933 662 2996 caeli
686 2933 839 2997 beneficia
862 2941 1059 3015 corrumpet:
1098 2934 1156 2996 erit
1179 2933 1300 3013 Diony-

84 3095 286 3104 ..-ψ-ομ*

85 3199 98 3250 2
120 3217 181 3250 esses
208 3207 282 3251 status
309 3198 475 3254 deterioresr
504 3216 556 3250 esse
574 3205 649 3250 status
751 3199 766 3252 3
786 3216 912 3250 suracusas
1015 3201 1201 3250 incommodari

84 3341 98 3392 l
115 3319 311 3407 peregrinari⁰¹¹¹⁸
326 3349 365 3406 tue
444 3342 460 3394 5
479 3359 542 3408 quae
555 3344 639 3393 mirari
652 3344 731 3407 possis
753 3340 778 3394 [i
787 3346 807 3392 ¹:
828 3359 875 3407 que
888 3343 972 3392 mirari
985 3301 1061 3408 posslt
1139 3343 1154 3394 ti
1174 3335 1302 3418 ambitalia

166 3434 182 3482 ll
204 3434 364 3497 perstringere
382 3429 545 3484 Rabienus:
567 3433 712 3496 restringere
811 3431 838 3482 10
858 3432 1013 3496 Charybdim
1032 3432 1148 3496 quamdiu
1168 3434 1200 3480 ab
1221 3440 1302 3481 austro

84 3529 160 3582 uacat,
187 3528 213 3570 at
236 3523 255 3570 si
281 3521 340 3586 quid
360 3517 547 3589 Bonparsr'iis:
575 3521 688 3570 charibdi
715 3521 867 3584 aquamdiu
894 3521 1009 3569 abaustro
1035 3525 1107 3595 uupat
1132 3523 1149 3571 Ξ
1173 3529 1197 3570 at
1223 3521 1303 3587 siquid

85 3611 108 3672 (it
126 3625 156 3660 m.
179 3611 195 3661 2
221 3605 431 3666 ruiturarum
458 3609 486 3662 brt
505 3611 562 3674 quiri
582 3611 599 3658 d
618 3609 702 3674 corr.)
812 3608 838 3660 lb
865 3610 969 3674 inipsum
990 3607 1050 3660 cod.
1070 3609 1190 3674 inlapsum
1212 3607 1303 3675 Gertz,

84 3712 137 3749 eum
161 3699 219 3751 ium
241 3698 399 3768 superiores
426 3696 545 3752 editores
569 3697 613 3751 bic
638 3697 814 3767 participium
840 3693 925 3749 latere
950 3695 1081 3749 uidissent
1106 3703 1131 3749 el
1160 3694 1304 3752 Pincianus

82 3788 220 3848 inmersum,
233 3784 371 3840 Rubenius
390 3789 525 3849 inmissum,
543 3782 657 3854 Madriby
672 3787 830 3851 interceptum
841 3786 1048 3855 proposuissent
1133 3806 1146 3835 u
1161 3789 1303 3837 confusione

84 3873 242 3929 deteriores:
264 3877 296 3925 ad
317 3874 461 3926 contusione
559 3857 596 3926 ‘1ss
616 3876 679 3924 unde
780 3873 806 3926 li
827 3875 927 3924 tutelam
948 3871 1112 3927 deteriores:
1135 3878 1209 3926 tutela

84 3964 112 4015 tn
130 3983 220 4016 manus
242 3965 322 4020 deit:
342 3981 429 4016 munus
532 3967 712 4030 tempestatium
817 3963 848 4015 19
874 3965 949 4014 tutori
967 3966 1036 4014 iocus
1061 3962 1120 4018 cod.
1140 3964 1208 4013 locus
1228 3963 1302 4013 furori

84 4089 162 4161 subpo
264 4090 299 4143 ‘20
323 4091 452 4140 altitudine
467 4063 530 4106 ’Μ
550 4089 659 4138 nauliuos
684 4086 742 4142 eod.
769 4089 862 4138 natiuus
881 4087 999 4158 lipsius
1022 4085 1142 4141 Ceterum
1161 4085 1303 4155 aliquanto

84 4177 270 4248 elepcortr'orem
295 4178 410 4249 speciem
435 4176 513 4231 lorus
538 4176 678 4239 indueret,
703 4177 729 4230 si
745 4176 832 4230 altero
857 4179 899 4227 ubi
920 4175 1020 4240 deleto,
1046 4177 1084 4230 iia
1103 4181 1131 4228 ut
1150 4177 1302 4225 Athenarum

84 4271 191 4331 potentia
212 4268 286 4317 fracta
307 4283 362 4338 pro
381 4265 501 4320 abbatitio
520 4264 644 4320 absoluto
663 4275 766 4329 essent,
784 4264 951 4319 scriberetur
969 4267 1092 4317 incluserit
1181 4264 1213 4316 21
1236 4265 1302 4314 terri-

84 4359 169 4408 torium
190 4354 352 4410 deteriores:
373 4359 468 4408 territur
553 4357 586 4409 22
606 4357 760 4421 tepidissima
773 4351 937 4408 Rabienus:
960 4355 1110 4419 lepidissima
1194 4353 1228 4405 24
1248 4370 1302 4402 cor-

86 4455 178 4512 rumpet
199 4445 319 4513 Lipsius:
340 4448 473 4510 corrumpit
565 4439 705 4494 dionisius‘
