3212 5318
311 374 375 435 266
461 371 539 414 DlAL.
555 371 594 414 xl.
623 371 665 412 AD
681 371 815 413 HELVIAM
833 372 962 415 MATREM
979 375 1017 414 DE
1032 375 1274 421 CONSOLATIONE.
1307 380 1336 422 tt.
1354 381 1385 422 tt.

305 519 420 580 intueri
453 517 541 581 uoles
572 518 718 595 seminas,
749 541 827 602 quas
859 530 1029 603 conspecta
1059 523 1156 584 uirtus
1188 523 1268 586 inter
1291 544 1427 606 magnos
1452 525 1525 587 uiros

309 625 419 706 posuit.
454 625 631 688 Corneliam
656 647 698 688 ex
722 628 889 690 duodecim
914 629 1017 691 liberis
1041 630 1083 692 ad
1106 629 1186 692 duos
1210 629 1334 694 fortuna
1356 634 1551 712 redegeratt

309 732 333 793 si
357 751 523 794 numerare
545 731 652 795 lunera
668 731 833 796 Corneliae
857 734 960 810 uelles,
985 737 1131 798 amiserat
1155 739 1283 799 decem:
1310 740 1334 799 si
1358 721 1526 814 aestimare,

309 840 456 900 amiserat
488 839 657 918 Gracchos.
712 840 858 902 flentibus
897 852 1005 904 tamen
1043 844 1123 904 circa
1153 865 1188 906 se
1219 853 1251 906 et
1281 845 1378 907 iatum
1411 847 1526 907 saeuius

283 947 529 1008 texecrantibus
560 947 735 1022 interdixit,
767 967 807 1010 ne
838 948 996 1011 fortunam
1028 959 1227 1026 accusarent,
1259 973 1340 1034 quae
1372 952 1431 1014 sibi
1455 952 1527 1014 filios

309 1051 472 1113 Gracchos
503 1053 680 1116 ademisset.
726 1075 768 1114 ex
800 1055 860 1116 hac
888 1055 1003 1117 femina
1027 1057 1137 1117 debuit
1160 1058 1260 1132 nasci,
1284 1060 1336 1139 qui
1361 1060 1482 1121 diceret
1501 1061 1528 1120 in

309 1160 473 1220 contione:
517 1168 550 1219 tu
581 1159 683 1220 matri
711 1181 800 1221 mene
831 1161 1023 1239 maledicas,
1057 1183 1138 1242 quae
1169 1183 1219 1224 me
1243 1165 1394 1244 peperit?
1432 1166 1527 1228 multo

309 1265 384 1327 mihi
426 1286 492 1328 uox
536 1267 645 1329 matris
688 1268 811 1329 uidetur
849 1269 1039 1332 animosior:
1081 1269 1161 1331 filius
1200 1291 1318 1350 magno
1357 1272 1528 1334 aestimauit

310 1372 525 1434 Gracchorum
549 1374 676 1448 natales
702 1385 803 1436 mater
826 1385 858 1437 et
881 1375 996 1437 lunera.
1032 1376 1148 1440 Rutilia
1164 1376 1292 1440 Cottam
1310 1377 1407 1440 lilium
1423 1389 1554 1441 secuta?

272 1489 294 1528 ¹⁰
308 1487 356 1540 est
388 1481 416 1540 in
449 1479 576 1542 exilium
607 1491 640 1542 et
671 1501 770 1561 usque
794 1503 832 1544 eo
857 1482 914 1545 fuit
936 1482 1129 1564 indulgentia
1151 1485 1335 1559 constricta,
1367 1494 1401 1548 ut
1425 1485 1528 1548 mallet
1572 1553 1575 1563 ,

308 1585 435 1648 exilium
467 1587 532 1666 pati
562 1607 656 1668 quam
688 1588 896 1664 desiderium,
927 1610 985 1651 nec
1015 1599 1089 1653 ante
1121 1590 1150 1651 in
1182 1591 1315 1671 patriam
1339 1612 1435 1674 quam
1462 1613 1526 1654 cum

307 1691 370 1754 filio
401 1694 500 1778 rediit.
547 1696 683 1757 eundem
717 1695 777 1757 iam
810 1697 958 1758 reducem
983 1706 1015 1758 et
1039 1699 1069 1758 in
1093 1697 1251 1778 republica
1276 1697 1441 1761 florentem
1467 1709 1526 1761 tam

307 1798 429 1862 sortiter
453 1801 556 1862 amisit
579 1821 673 1882 quam
697 1811 805 1864 secuta
828 1811 885 1866 est.
931 1823 990 1865 nec
1013 1807 1178 1886 quisquam
1203 1804 1345 1866 lacrimas
1369 1807 1435 1868 eius
1460 1815 1527 1888 post

307 1905 424 1968 elatum
455 1905 550 1968 filium
582 1909 712 1970 notauit.
759 1912 788 1970 in
820 1908 953 1991 expulso
984 1911 1131 1972 uirtutem
1163 1912 1318 1987 ostendit,
1349 1915 1379 1974 in
1415 1914 1526 1974 amisso
1593 1913 1594 1918 ’

271 2023 292 2063 ¹⁵
307 2014 524 2095 prudentiam:
564 2033 638 2076 nam
669 2024 701 2076 et
731 2015 805 2077 nihil
837 2015 920 2078 illam
952 2035 971 2078 a
1001 2021 1119 2098 pietate
1150 2019 1300 2080 deterruit
1332 2028 1364 2080 et
1395 2018 1470 2080 nihil
1498 2023 1526 2081 in
1593 2023 1594 2084 T

306 2121 429 2183 tristitia
451 2142 644 2202 superuacua
665 2121 740 2185 stult
728 2132 823 2204 taque
847 2123 986 2186 detinuit.
1019 2145 1090 2186 cum
1115 2125 1162 2187 his
1186 2135 1218 2187 te
1239 2145 1394 2188 numerari
1387 2127 1525 2188 seminis

307 2226 400 2290 uolo:
432 2247 565 2309 quarum
589 2230 686 2291 uitam
711 2250 837 2311 semper
859 2230 981 2292 imitata
1005 2251 1047 2306 ea,
1071 2251 1178 2292 earum
1202 2233 1233 2294 in
1257 2234 1433 2330 coercenda
1457 2253 1523 2294 con-

307 2335 534 2416 primendaque
556 2327 751 2416 aegritudine
774 2346 831 2418 opt
833 2337 895 2399 ime
918 2340 1056 2419 sequeris
1080 2338 1272 2420 exemplum.
1593 2427 1594 2430 ¹

396 2441 498 2504 XVII.
537 2441 610 2504 Scio
633 2463 700 2505 rem
724 2465 788 2506 non
812 2463 882 2506 esse
904 2445 935 2505 in
958 2454 1066 2507 nostra
1089 2454 1249 2526 potestate
1272 2467 1330 2508 nec
1353 2445 1450 2508 ullum
1474 2448 1550 2508 adl

266 2556 291 2595 '²⁰
306 2547 420 2610 lectum
444 2550 574 2624 seruire,
607 2551 734 2612 minime
757 2572 833 2612 uero
857 2572 946 2625 eum,
970 2553 1022 2632 qui
1047 2572 1088 2613 ex
1111 2552 1225 2614 dolore
1249 2555 1391 2614 nascitur.
1440 2553 1537 2630 ferox,
1593 2597 1594 2640 ,

307 2655 389 2716 enim
414 2665 446 2718 et
469 2657 619 2718 aduersus
644 2677 740 2718 omne
764 2651 938 2720 remedium
963 2669 1137 2721 contumax
1156 2668 1211 2721 est.
1245 2660 1392 2721 uolumus
1409 2661 1523 2722 interim
1593 2651 1594 2722 Ῑ

306 2761 391 2823 illum
415 2763 550 2824 obruere
574 2772 605 2824 et
629 2764 783 2826 deuorare
806 2766 961 2845 gemitus:
993 2785 1050 2846 per
1072 2766 1174 2847 ipsum
1199 2775 1306 2827 tamen
1330 2769 1523 2848 conpositum
1593 2793 1594 2852 1

305 2867 477 2950 fictumque
509 2869 630 2933 uoltum
662 2869 809 2933 lacrimae
839 2871 1076 2952 profunduntur.
1123 2871 1204 2934 ludis
1235 2873 1358 2934 interim
1388 2883 1443 2935 aut
1463 2873 1523 2954 gla—
1593 2943 1594 2960 ¹

307 2975 479 3036 diatoribus
503 2978 642 3038 animum
667 2997 877 3058 occupamus:
904 2985 936 3039 at
961 2978 1045 3040 illum
1069 2980 1150 3040 inter
1172 2980 1253 3060 ipsa,
1278 2979 1392 3060 quibus
1417 3000 1522 3041 auoca-

265 3092 291 3131 ²⁵
306 3091 371 3156 tur,
403 3082 582 3163 spectacula
613 3083 690 3145 leuis
722 3085 824 3164 aliqua
855 3085 1000 3146 desiderii
1031 3094 1107 3147 nota
1137 3087 1264 3148 subruit.
1316 3086 1389 3148 ideo
1421 3086 1551 3148 meliust
1593 3101 1594 3172 1

232 3241 234 3244 ,
306 3198 353 3250 est
385 3190 508 3250 uincere
539 3189 623 3250 illum
655 3210 751 3272 quam
776 3190 889 3253 fallere.
936 3211 1010 3254 nam
1034 3193 1085 3273 qui
1109 3192 1235 3254 delusus
1260 3201 1291 3254 et
1316 3192 1525 3274 uoluptatibus
1593 3175 1594 3270 1

305 3306 357 3358 aut
388 3296 646 3377 occupationibus
677 3297 832 3359 abductus
861 3307 925 3374 est,
957 3299 1089 3379 resurgit
1113 3291 1236 3380 etipsa
1259 3300 1365 3380 quiete
1388 3301 1523 3381 inpetum

305 3404 346 3464 ad
377 3404 586 3465 saeuiendum
611 3404 758 3484 conligit:
793 3414 826 3467 at
849 3406 988 3486 quisquis
1012 3403 1123 3467 rationi
1147 3407 1254 3481 cessit,
1285 3407 1316 3466 in
1339 3416 1522 3488 perpetuum

305 3511 500 3590 conponitur.
547 3529 611 3572 non
642 3531 712 3572 sum
743 3513 892 3592 itaquet
879 3511 935 3573 tibi
966 3512 1017 3574 illa
1040 3522 1195 3575 monstrat
1198 3533 1285 3587 urus,
1318 3513 1429 3595 quibus
1450 3533 1521 3573 usos·

264 3626 290 3667 3⁰
306 3635 375 3676 esse
414 3615 530 3678 multos
568 3618 648 3692 sci0,
688 3625 722 3678 ut
752 3618 1003 3699 peregrinatione
1033 3628 1066 3680 te
1098 3618 1146 3680 uel
1178 3619 1274 3700 longa
1305 3621 1443 3682 detineas
1475 3618 1520 3678 uel

304 4023 469 4077 Gademisset
486 4021 637 4077 Bertllettts:
659 4025 765 4075 dedisset
854 4026 1028 4078 8aeshmaurt
1041 4025 1150 4080 Haase
1172 4029 1295 4078 estimabit
1308 4027 1368 4082 cod
1381 4027 1519 4078 aestimabat

304 4165 367 4221 dell.
462 4167 492 4219 10
512 4111 586 4216 mallet
606 4167 624 4233 (l
636 4182 781 4238 suprascr
797 4184 830 4222 m.
840 4184 886 4238 pr.
900 4175 931 4221 ut
943 4167 1063 4235 tradetur
1164 4171 1195 4224 11
1217 4137 1298 4221 cu'filio
1389 4169 1518 4223 1.2.Rl.

394 4308 426 4361 13
444 4267 558 4374 priteletti
578 4309 600 4375 (s
613 4279 713 4379 mpr)
806 4309 838 4362 15
857 4312 915 4360 nicb
927 4311 972 4362 illa
985 4312 1021 4377 (in
1036 4313 1101 4376 ras)
1197 4313 1227 4365 16
1247 4313 1288 4365 Ct‘r
1301 4314 1339 4362 his
1358 4319 1380 4362 te
1399 4312 1431 4378 (in
1450 4311 1516 4372 rur.)
1593 4289 1594 4346 1

391 4397 425 4451 22
451 4400 569 4465 copositt'r
678 4399 711 4452 26
736 4400 777 4465 qui
796 4399 891 4449 delusus
910 4409 933 4449 et
952 4399 1115 4455 deteriores:
1136 4401 1223 4468 qdelus
1241 4409 1265 4453 et
1284 4401 1303 4472 (t
1322 4399 1414 4463 deletu)

304 4485 337 4540 27
357 4489 452 4552 impetu
542 4486 576 4542 28
601 4489 753 4540 adseuiendu
844 4488 877 4543 29
902 4491 1039 4558 componit

1593 3503 1594 3536 1

1593 3539 1594 3610 1

1593 3681 1594 3720 1

1593 3739 1594 3836 1

306 3936 318 3986 1
345 3910 447 3985 seminas
465 3935 486 4000 (s
505 3951 538 3986 m.
551 3934 611 4006 pr.)
703 3935 852 3988 3estimare
941 3937 958 3988 4
982 3937 1058 3985 satum
1077 3939 1171 3986 saeuius
1191 3935 1280 3990 Koch:
1302 3939 1420 4003 saturnu

1593 4259 1594 4288 1

1593 4365 1594 4394 1

1593 4553 1594 4656 1
