<?xml version="1.0" encoding="UTF-8"?>
<!DOCTYPE html PUBLIC "-//W3C//DTD XHTML 1.0 Transitional//EN"
    "http://www.w3.org/TR/xhtml1/DTD/xhtml1-transitional.dtd">
<html xmlns="http://www.w3.org/1999/xhtml" xml:lang="en" lang="en">
 <head>
  <title>
</title>
<meta http-equiv="Content-Type" content="text/html;charset=utf-8" />
  <meta name='ocr-system' content='tesseract 3.04.00' />
  <meta name='ocr-capabilities' content='ocr_page ocr_carea ocr_par ocr_line ocrx_word'/>
</head>
<body>
  <div class='ocr_page' id='page_1' title='image "./lannaeisenecaed01vahlgoog_0104.png"; bbox 0 0 3212 5326; ppageno 0'>
   <div class='ocr_carea' id='block_1_1' title="bbox 466 321 1302 392">
    <p class='ocr_par' dir='ltr' id='par_1_1' title="bbox 466 321 1302 392">
     <span class='ocr_line' id='line_1_1' title="bbox 466 321 1302 392; baseline 0.024 -31"><span class='ocrx_word' id='word_1_1' title='bbox 466 321 547 367; x_wconf 75' lang='lat' dir='ltr'>oms.</span> <span class='ocrx_word' id='word_1_2' title='bbox 563 323 602 366; x_wconf 84' lang='grc' dir='ltr'>ιν.</span> <span class='ocrx_word' id='word_1_3' title='bbox 629 323 671 364; x_wconf 85' lang='lat' dir='ltr'>na</span> <span class='ocrx_word' id='word_1_4' title='bbox 686 322 737 364; x_wconf 78' lang='lat' dir='ltr'>rua</span> <span class='ocrx_word' id='word_1_5' title='bbox 753 323 806 368; x_wconf 78' lang='lat' dir='ltr'>ure.</span> <span class='ocrx_word' id='word_1_6' title='bbox 823 323 852 368; x_wconf 90' lang='lat'>11.</span> <span class='ocrx_word' id='word_1_7' title='bbox 884 325 915 366; x_wconf 85' lang='lat' dir='ltr'>m.</span> <span class='ocrx_word' id='word_1_8' title='bbox 1263 329 1302 392; x_wconf 87' lang='grc'>63</span> 
     </span>
    </p>
   </div>
   <div class='ocr_carea' id='block_1_2' title="bbox 31 455 1406 2680">
    <p class='ocr_par' dir='ltr' id='par_1_2' title="bbox 97 455 1305 659">
     <span class='ocr_line' id='line_1_2' title="bbox 97 455 1305 552; baseline 0.001 -21"><span class='ocrx_word' id='word_1_9' title='bbox 97 469 173 552; x_wconf 90' lang='lat' dir='ltr'>quod</span> <span class='ocrx_word' id='word_1_10' title='bbox 194 477 332 552; x_wconf 85' lang='lat' dir='ltr'>peccant,</span> <span class='ocrx_word' id='word_1_11' title='bbox 345 468 478 530; x_wconf 86' lang='lat' dir='ltr'>irascere</span> <span class='ocrx_word' id='word_1_12' title='bbox 495 467 675 532; x_wconf 81' lang='lat' dir='ltr'>infantibus:</span> <span class='ocrx_word' id='word_1_13' title='bbox 702 469 861 551; x_wconf 83' lang='lat' dir='ltr'>peccaturi</span> <span class='ocrx_word' id='word_1_14' title='bbox 876 455 957 532; x_wconf 83' lang='lat' dir='ltr'>suni.</span> <span class='ocrx_word' id='word_1_15' title='bbox 993 489 1068 531; x_wconf 92' lang='lat' dir='ltr'>num</span> <span class='ocrx_word' id='word_1_16' title='bbox 1084 470 1152 551; x_wconf 91' lang='lat' dir='ltr'>quis</span> <span class='ocrx_word' id='word_1_17' title='bbox 1167 471 1305 535; x_wconf 86' lang='lat' dir='ltr'>irascitur</span> 
     </span>
     <span class='ocr_line' id='line_1_3' title="bbox 97 573 1305 659; baseline 0.001 -21"><span class='ocrx_word' id='word_1_18' title='bbox 97 577 194 659; x_wconf 89' lang='lat' dir='ltr'>pueris,</span> <span class='ocrx_word' id='word_1_19' title='bbox 220 595 351 658; x_wconf 89' lang='lat' dir='ltr'>quorum</span> <span class='ocrx_word' id='word_1_20' title='bbox 382 583 469 638; x_wconf 88' lang='lat' dir='ltr'>aetas</span> <span class='ocrx_word' id='word_1_21' title='bbox 494 573 636 656; x_wconf 81' lang='lat' dir='ltr'>nondum</span> <span class='ocrx_word' id='word_1_22' title='bbox 659 576 748 638; x_wconf 91' lang='lat' dir='ltr'>nouit</span> <span class='ocrx_word' id='word_1_23' title='bbox 770 594 874 638; x_wconf 88' lang='lat' dir='ltr'>rerum</span> <span class='ocrx_word' id='word_1_24' title='bbox 898 574 1095 638; x_wconf 88' lang='lat' dir='ltr'>discrimina?</span> <span class='ocrx_word' id='word_1_25' title='bbox 1135 577 1234 639; x_wconf 90' lang='lat' dir='ltr'>maior</span> <span class='ocrx_word' id='word_1_26' title='bbox 1257 586 1305 639; x_wconf 89' lang='lat' dir='ltr'>est</span> 
     </span>
    </p>

    <p class='ocr_par' dir='ltr' id='par_1_3' title="bbox 31 680 1355 1192">
     <span class='ocr_line' id='line_1_4' title="bbox 31 680 1306 764; baseline 0.002 -19"><span class='ocrx_word' id='word_1_27' title='bbox 31 725 34 736; x_wconf 69' lang='grc'><em>.</em></span> <span class='ocrx_word' id='word_1_28' title='bbox 71 683 243 751; x_wconf 76' lang='lat' dir='ltr'>aexcusatio</span> <span class='ocrx_word' id='word_1_29' title='bbox 267 691 299 744; x_wconf 89' lang='lat' dir='ltr'>et</span> <span class='ocrx_word' id='word_1_30' title='bbox 321 682 429 745; x_wconf 90' lang='lat' dir='ltr'>iustior</span> <span class='ocrx_word' id='word_1_31' title='bbox 452 680 614 744; x_wconf 90' lang='lat' dir='ltr'>hominem</span> <span class='ocrx_word' id='word_1_32' title='bbox 638 701 826 762; x_wconf 89' lang='lat' dir='ltr'>essequam</span> <span class='ocrx_word' id='word_1_33' title='bbox 850 702 991 764; x_wconf 90' lang='lat' dir='ltr'>puerum.</span> <span class='ocrx_word' id='word_1_34' title='bbox 1037 682 1097 746; x_wconf 90' lang='lat' dir='ltr'>hac</span> <span class='ocrx_word' id='word_1_35' title='bbox 1121 684 1306 748; x_wconf 88' lang='lat' dir='ltr'>condicione</span> 
     </span>
     <span class='ocr_line' id='line_1_5' title="bbox 96 787 1305 872; baseline 0.001 -21"><span class='ocrx_word' id='word_1_36' title='bbox 96 791 150 852; x_wconf 90' lang='lat' dir='ltr'>nati</span> <span class='ocrx_word' id='word_1_37' title='bbox 169 809 281 864; x_wconf 91' lang='lat' dir='ltr'>sumus,</span> <span class='ocrx_word' id='word_1_38' title='bbox 304 787 447 851; x_wconf 90' lang='lat' dir='ltr'>animalia</span> <span class='ocrx_word' id='word_1_39' title='bbox 471 787 614 851; x_wconf 86' lang='lat' dir='ltr'>obnoxia</span> <span class='ocrx_word' id='word_1_40' title='bbox 636 809 701 852; x_wconf 88' lang='lat' dir='ltr'>nom</span> <span class='ocrx_word' id='word_1_41' title='bbox 724 789 923 868; x_wconf 84' lang='lat' dir='ltr'>paucioribus</span> <span class='ocrx_word' id='word_1_42' title='bbox 943 791 1038 854; x_wconf 89' lang='lat' dir='ltr'>animi</span> <span class='ocrx_word' id='word_1_43' title='bbox 1051 810 1147 872; x_wconf 90' lang='lat' dir='ltr'>quam</span> <span class='ocrx_word' id='word_1_44' title='bbox 1164 791 1305 872; x_wconf 84' lang='lat' dir='ltr'>corporis</span> 
     </span>
     <span class='ocr_line' id='line_1_6' title="bbox 95 894 1331 978; baseline 0 -20"><span class='ocrx_word' id='word_1_45' title='bbox 95 895 215 971; x_wconf 89' lang='lat' dir='ltr'>morbis,</span> <span class='ocrx_word' id='word_1_46' title='bbox 244 915 309 958; x_wconf 91' lang='lat' dir='ltr'>non</span> <span class='ocrx_word' id='word_1_47' title='bbox 340 896 467 978; x_wconf 91' lang='lat' dir='ltr'>quidem</span> <span class='ocrx_word' id='word_1_48' title='bbox 500 894 615 960; x_wconf 88' lang='lat' dir='ltr'>obtusa</span> <span class='ocrx_word' id='word_1_49' title='bbox 638 914 696 958; x_wconf 91' lang='lat' dir='ltr'>nec</span> <span class='ocrx_word' id='word_1_50' title='bbox 718 895 818 970; x_wconf 89' lang='lat' dir='ltr'>tarda,</span> <span class='ocrx_word' id='word_1_51' title='bbox 842 897 900 958; x_wconf 90' lang='lat' dir='ltr'>sed</span> <span class='ocrx_word' id='word_1_52' title='bbox 923 897 1066 960; x_wconf 88' lang='lat' dir='ltr'>acumine</span> <span class='ocrx_word' id='word_1_53' title='bbox 1089 904 1199 959; x_wconf 92' lang='lat' dir='ltr'>nostro</span> <span class='ocrx_word' id='word_1_54' title='bbox 1223 896 1331 960; x_wconf 80' lang='lat' dir='ltr'>males</span> 
     </span>
     <span class='ocr_line' id='line_1_7' title="bbox 95 991 1355 1086; baseline 0.002 -22"><span class='ocrx_word' id='word_1_55' title='bbox 95 1002 209 1078; x_wconf 88' lang='lat' dir='ltr'>utentia,</span> <span class='ocrx_word' id='word_1_56' title='bbox 241 1001 320 1064; x_wconf 89' lang='lat' dir='ltr'>alter</span> <span class='ocrx_word' id='word_1_57' title='bbox 350 1000 439 1065; x_wconf 91' lang='lat' dir='ltr'>alteri</span> <span class='ocrx_word' id='word_1_58' title='bbox 469 1003 616 1064; x_wconf 88' lang='lat' dir='ltr'>uitiorum</span> <span class='ocrx_word' id='word_1_59' title='bbox 648 1001 805 1084; x_wconf 85' lang='lat' dir='ltr'>exempla.</span> <span class='ocrx_word' id='word_1_60' title='bbox 852 1003 989 1084; x_wconf 89' lang='lat' dir='ltr'>quisquis</span> <span class='ocrx_word' id='word_1_61' title='bbox 1020 1005 1158 1086; x_wconf 91' lang='lat' dir='ltr'>sequitur</span> <span class='ocrx_word' id='word_1_62' title='bbox 1185 1005 1305 1086; x_wconf 87' lang='lat' dir='ltr'>priores</span> <span class='ocrx_word' id='word_1_63' title='bbox 1340 991 1355 1078; x_wconf 76' lang='grc'>’,</span> 
     </span>
     <span class='ocr_line' id='line_1_8' title="bbox 95 1106 1305 1192; baseline 0.002 -22"><span class='ocrx_word' id='word_1_64' title='bbox 95 1107 164 1170; x_wconf 90' lang='lat' dir='ltr'>male</span> <span class='ocrx_word' id='word_1_65' title='bbox 184 1109 241 1170; x_wconf 91' lang='lat' dir='ltr'>iter</span> <span class='ocrx_word' id='word_1_66' title='bbox 264 1109 438 1189; x_wconf 90' lang='lat' dir='ltr'>ingressos,</span> <span class='ocrx_word' id='word_1_67' title='bbox 470 1108 578 1190; x_wconf 90' lang='lat' dir='ltr'>quidni</span> <span class='ocrx_word' id='word_1_68' title='bbox 600 1106 718 1171; x_wconf 87' lang='lat' dir='ltr'>habe&#39;at</span> <span class='ocrx_word' id='word_1_69' title='bbox 742 1110 989 1185; x_wconf 87' lang='lat' dir='ltr'>excusationem,</span> <span class='ocrx_word' id='word_1_70' title='bbox 1012 1129 1084 1172; x_wconf 92' lang='lat' dir='ltr'>cum</span> <span class='ocrx_word' id='word_1_71' title='bbox 1108 1108 1233 1192; x_wconf 91' lang='lat' dir='ltr'>publica</span> <span class='ocrx_word' id='word_1_72' title='bbox 1255 1111 1305 1172; x_wconf 92' lang='lat' dir='ltr'>uia</span> 
     </span>
    </p>

    <p class='ocr_par' dir='ltr' id='par_1_4' title="bbox 67 1213 1305 1296">
     <span class='ocr_line' id='line_1_9' title="bbox 67 1213 1305 1296; baseline 0 -18"><span class='ocrx_word' id='word_1_73' title='bbox 67 1225 79 1278; x_wconf 84' lang='lat' dir='ltr'>l</span> <span class='ocrx_word' id='word_1_74' title='bbox 94 1216 242 1277; x_wconf 88' lang='lat' dir='ltr'>errauerit?</span> <span class='ocrx_word' id='word_1_75' title='bbox 267 1216 298 1276; x_wconf 91' lang='lat' dir='ltr'>in</span> <span class='ocrx_word' id='word_1_76' title='bbox 314 1213 452 1296; x_wconf 89' lang='lat' dir='ltr'>singulos</span> <span class='ocrx_word' id='word_1_77' title='bbox 467 1215 618 1278; x_wconf 89' lang='lat' dir='ltr'>seueritas</span> <span class='ocrx_word' id='word_1_78' title='bbox 633 1215 830 1296; x_wconf 89' lang='lat' dir='ltr'>imperatoris</span> <span class='ocrx_word' id='word_1_79' title='bbox 846 1215 1055 1296; x_wconf 85' lang='lat' dir='ltr'>distringitur:</span> <span class='ocrx_word' id='word_1_80' title='bbox 1082 1225 1115 1279; x_wconf 90' lang='lat' dir='ltr'>at</span> <span class='ocrx_word' id='word_1_81' title='bbox 1130 1217 1305 1278; x_wconf 90' lang='lat' dir='ltr'>necessaria</span> 
     </span>
    </p>

    <p class='ocr_par' dir='ltr' id='par_1_5' title="bbox 92 1320 1344 1510">
     <span class='ocr_line' id='line_1_10' title="bbox 92 1320 1303 1404; baseline 0.002 -23"><span class='ocrx_word' id='word_1_82' title='bbox 92 1322 169 1382; x_wconf 90' lang='lat' dir='ltr'>uenia</span> <span class='ocrx_word' id='word_1_83' title='bbox 191 1330 247 1395; x_wconf 91' lang='lat' dir='ltr'>est,</span> <span class='ocrx_word' id='word_1_84' title='bbox 279 1321 332 1384; x_wconf 92' lang='lat' dir='ltr'>ubi</span> <span class='ocrx_word' id='word_1_85' title='bbox 354 1329 441 1384; x_wconf 93' lang='lat' dir='ltr'>totus</span> <span class='ocrx_word' id='word_1_86' title='bbox 464 1320 601 1384; x_wconf 89' lang='lat' dir='ltr'>deseruit</span> <span class='ocrx_word' id='word_1_87' title='bbox 624 1321 789 1384; x_wconf 86' lang='lat' dir='ltr'>exercitus.</span> <span class='ocrx_word' id='word_1_88' title='bbox 835 1321 910 1402; x_wconf 94' lang='lat' dir='ltr'>quid</span> <span class='ocrx_word' id='word_1_89' title='bbox 933 1321 1015 1385; x_wconf 90' lang='lat' dir='ltr'>tollit</span> <span class='ocrx_word' id='word_1_90' title='bbox 1037 1323 1115 1385; x_wconf 93' lang='lat' dir='ltr'>iram</span> <span class='ocrx_word' id='word_1_91' title='bbox 1137 1323 1303 1404; x_wconf 88' lang='lat' dir='ltr'>sapientis?</span> 
     </span>
     <span class='ocr_line' id='line_1_11' title="bbox 92 1415 1344 1510; baseline 0.002 -22"><span class='ocrx_word' id='word_1_92' title='bbox 92 1427 170 1489; x_wconf 91' lang='lat' dir='ltr'>turba</span> <span class='ocrx_word' id='word_1_93' title='bbox 199 1428 407 1508; x_wconf 91' lang='lat' dir='ltr'>peccantium.</span> <span class='ocrx_word' id='word_1_94' title='bbox 452 1425 604 1508; x_wconf 85' lang='lat' dir='ltr'>intellegit</span> <span class='ocrx_word' id='word_1_95' title='bbox 635 1447 730 1508; x_wconf 91' lang='lat' dir='ltr'>quam</span> <span class='ocrx_word' id='word_1_96' title='bbox 762 1437 794 1491; x_wconf 86' lang='lat' dir='ltr'>et</span> <span class='ocrx_word' id='word_1_97' title='bbox 825 1428 938 1491; x_wconf 88' lang='lat' dir='ltr'>inicum</span> <span class='ocrx_word' id='word_1_98' title='bbox 969 1429 1009 1490; x_wconf 89' lang='lat' dir='ltr'>sit</span> <span class='ocrx_word' id='word_1_99' title='bbox 1040 1437 1072 1492; x_wconf 91' lang='lat' dir='ltr'>et</span> <span class='ocrx_word' id='word_1_100' title='bbox 1094 1415 1303 1510; x_wconf 85' lang='lat' dir='ltr'>periculosum</span> <span class='ocrx_word' id='word_1_101' title='bbox 1320 1449 1344 1490; x_wconf 86' lang='lat' dir='ltr'>m</span> 
     </span>
    </p>

    <p class='ocr_par' dir='ltr' id='par_1_6' title="bbox 32 1531 1406 2148">
     <span class='ocr_line' id='line_1_12' title="bbox 32 1531 1303 1616; baseline 0.004 -23"><span class='ocrx_word' id='word_1_102' title='bbox 32 1586 35 1592; x_wconf 92' lang='grc'><em>,</em></span> <span class='ocrx_word' id='word_1_103' title='bbox 67 1534 165 1596; x_wconf 74' lang='lat' dir='ltr'>nirasci</span> <span class='ocrx_word' id='word_1_104' title='bbox 200 1531 329 1615; x_wconf 92' lang='lat' dir='ltr'>publico</span> <span class='ocrx_word' id='word_1_105' title='bbox 360 1535 444 1596; x_wconf 91' lang='lat' dir='ltr'>uitio.</span> <span class='ocrx_word' id='word_1_106' title='bbox 507 1532 684 1596; x_wconf 85' lang='lat' dir='ltr'>Heraclitus</span> <span class='ocrx_word' id='word_1_107' title='bbox 723 1535 868 1614; x_wconf 91' lang='lat' dir='ltr'>quotiens</span> <span class='ocrx_word' id='word_1_108' title='bbox 906 1535 1068 1616; x_wconf 88' lang='lat' dir='ltr'>prodierat</span> <span class='ocrx_word' id='word_1_109' title='bbox 1108 1544 1140 1599; x_wconf 93' lang='lat' dir='ltr'>et</span> <span class='ocrx_word' id='word_1_110' title='bbox 1180 1543 1303 1598; x_wconf 88' lang='lat' dir='ltr'>tantum</span> 
     </span>
     <span class='ocr_line' id='line_1_13' title="bbox 91 1639 1304 1724; baseline 0.003 -24"><span class='ocrx_word' id='word_1_111' title='bbox 91 1640 158 1702; x_wconf 90' lang='lat' dir='ltr'>circa</span> <span class='ocrx_word' id='word_1_112' title='bbox 185 1661 219 1702; x_wconf 91' lang='lat' dir='ltr'>se</span> <span class='ocrx_word' id='word_1_113' title='bbox 252 1639 336 1712; x_wconf 88' lang='lat' dir='ltr'>male</span> <span class='ocrx_word' id='word_1_114' title='bbox 364 1641 551 1714; x_wconf 91' lang='lat' dir='ltr'>uiuentium,</span> <span class='ocrx_word' id='word_1_115' title='bbox 581 1639 789 1703; x_wconf 91' lang='lat' dir='ltr'>immo·male</span> <span class='ocrx_word' id='word_1_116' title='bbox 812 1641 1008 1724; x_wconf 91' lang='lat' dir='ltr'>pereuntium</span> <span class='ocrx_word' id='word_1_117' title='bbox 1032 1641 1168 1717; x_wconf 88' lang='lat' dir='ltr'>uiderat,</span> <span class='ocrx_word' id='word_1_118' title='bbox 1199 1640 1304 1717; x_wconf 87' lang='lat' dir='ltr'>flebat,</span> 
     </span>
     <span class='ocr_line' id='line_1_14' title="bbox 91 1745 1306 1829; baseline 0.003 -23"><span class='ocrx_word' id='word_1_119' title='bbox 91 1746 283 1810; x_wconf 89' lang='lat' dir='ltr'>miserebatur</span> <span class='ocrx_word' id='word_1_120' title='bbox 322 1748 463 1810; x_wconf 88' lang='lat' dir='ltr'>omnium</span> <span class='ocrx_word' id='word_1_121' title='bbox 503 1747 556 1829; x_wconf 91' lang='lat' dir='ltr'>qui</span> <span class='ocrx_word' id='word_1_122' title='bbox 586 1746 645 1810; x_wconf 92' lang='lat' dir='ltr'>sibi</span> <span class='ocrx_word' id='word_1_123' title='bbox 675 1746 748 1809; x_wconf 90' lang='lat' dir='ltr'>laeti</span> <span class='ocrx_word' id='word_1_124' title='bbox 778 1745 945 1828; x_wconf 84' lang='lat' dir='ltr'>felicesque</span> <span class='ocrx_word' id='word_1_125' title='bbox 976 1747 1199 1824; x_wconf 89' lang='lat' dir='ltr'>occurrebant,</span> <span class='ocrx_word' id='word_1_126' title='bbox 1239 1749 1306 1810; x_wconf 92' lang='lat' dir='ltr'>miti</span> 
     </span>
     <span class='ocr_line' id='line_1_15' title="bbox 90 1852 1303 1938; baseline 0.003 -25"><span class='ocrx_word' id='word_1_127' title='bbox 90 1854 188 1929; x_wconf 88' lang='lat' dir='ltr'>animo,</span> <span class='ocrx_word' id='word_1_128' title='bbox 210 1854 271 1916; x_wconf 89' lang='lat' dir='ltr'>sed</span> <span class='ocrx_word' id='word_1_129' title='bbox 295 1854 385 1916; x_wconf 92' lang='lat' dir='ltr'>nimis</span> <span class='ocrx_word' id='word_1_130' title='bbox 408 1852 569 1916; x_wconf 87' lang='lat' dir='ltr'>inbecillo:</span> <span class='ocrx_word' id='word_1_131' title='bbox 597 1861 629 1916; x_wconf 90' lang='lat' dir='ltr'>et</span> <span class='ocrx_word' id='word_1_132' title='bbox 652 1854 720 1934; x_wconf 90' lang='lat' dir='ltr'>ipse</span> <span class='ocrx_word' id='word_1_133' title='bbox 742 1855 822 1916; x_wconf 88' lang='lat' dir='ltr'>inter</span> <span class='ocrx_word' id='word_1_134' title='bbox 838 1852 1053 1938; x_wconf 89' lang='lat' dir='ltr'>deplorandos</span> <span class='ocrx_word' id='word_1_135' title='bbox 1069 1863 1144 1917; x_wconf 89' lang='lat' dir='ltr'>erat.</span> <span class='ocrx_word' id='word_1_136' title='bbox 1182 1854 1303 1918; x_wconf 88' lang='lat' dir='ltr'>Demo·</span> 
     </span>
     <span class='ocr_line' id='line_1_16' title="bbox 90 1958 1344 2044; baseline 0.006 -24"><span class='ocrx_word' id='word_1_137' title='bbox 90 1959 184 2021; x_wconf 90' lang='lat' dir='ltr'>critum</span> <span class='ocrx_word' id='word_1_138' title='bbox 215 1969 328 2022; x_wconf 89' lang='lat' dir='ltr'>contra</span> <span class='ocrx_word' id='word_1_139' title='bbox 357 1961 443 2023; x_wconf 91' lang='lat' dir='ltr'>aiunt</span> <span class='ocrx_word' id='word_1_140' title='bbox 470 1980 643 2042; x_wconf 91' lang='lat' dir='ltr'>numquam</span> <span class='ocrx_word' id='word_1_141' title='bbox 674 1961 740 2022; x_wconf 91' lang='lat' dir='ltr'>sine</span> <span class='ocrx_word' id='word_1_142' title='bbox 770 1961 832 2024; x_wconf 93' lang='lat' dir='ltr'>risu</span> <span class='ocrx_word' id='word_1_143' title='bbox 863 1961 894 2022; x_wconf 92' lang='lat' dir='ltr'>in</span> <span class='ocrx_word' id='word_1_144' title='bbox 917 1958 1044 2044; x_wconf 90' lang='lat' dir='ltr'>publico</span> <span class='ocrx_word' id='word_1_145' title='bbox 1067 1960 1178 2024; x_wconf 83' lang='lat' dir='ltr'>fuisse:</span> <span class='ocrx_word' id='word_1_146' title='bbox 1221 1962 1344 2028; x_wconf 77' lang='lat' dir='ltr'>adeon</span> 
     </span>
     <span class='ocr_line' id='line_1_17' title="bbox 90 2063 1406 2148; baseline 0.002 -23"><span class='ocrx_word' id='word_1_147' title='bbox 90 2063 151 2126; x_wconf 92' lang='lat' dir='ltr'>nihil</span> <span class='ocrx_word' id='word_1_148' title='bbox 172 2065 213 2129; x_wconf 92' lang='lat' dir='ltr'>illi</span> <span class='ocrx_word' id='word_1_149' title='bbox 236 2066 403 2129; x_wconf 91' lang='lat' dir='ltr'>uidebatur</span> <span class='ocrx_word' id='word_1_150' title='bbox 426 2068 542 2130; x_wconf 88' lang='lat' dir='ltr'>serium</span> <span class='ocrx_word' id='word_1_151' title='bbox 566 2087 685 2141; x_wconf 90' lang='lat' dir='ltr'>eorum,</span> <span class='ocrx_word' id='word_1_152' title='bbox 709 2087 791 2147; x_wconf 90' lang='lat' dir='ltr'>quae</span> <span class='ocrx_word' id='word_1_153' title='bbox 813 2068 896 2130; x_wconf 91' lang='lat' dir='ltr'>serio</span> <span class='ocrx_word' id='word_1_154' title='bbox 919 2065 1119 2148; x_wconf 86' lang='lat' dir='ltr'>gerebantur.</span> <span class='ocrx_word' id='word_1_155' title='bbox 1165 2067 1218 2130; x_wconf 95' lang='lat' dir='ltr'>ubi</span> <span class='ocrx_word' id='word_1_156' title='bbox 1237 2068 1305 2130; x_wconf 94' lang='lat' dir='ltr'>istic</span> <span class='ocrx_word' id='word_1_157' title='bbox 1403 2122 1406 2128; x_wconf 92' lang='grc'><em>,</em></span> 
     </span>
    </p>

    <p class='ocr_par' dir='ltr' id='par_1_7' title="bbox 65 2170 1305 2237">
     <span class='ocr_line' id='line_1_18' title="bbox 65 2170 1305 2237; baseline 0.003 -6"><span class='ocrx_word' id='word_1_158' title='bbox 65 2170 141 2233; x_wconf 74' lang='lat' dir='ltr'>lirae</span> <span class='ocrx_word' id='word_1_159' title='bbox 161 2170 249 2235; x_wconf 89' lang='lat' dir='ltr'>locus</span> <span class='ocrx_word' id='word_1_160' title='bbox 274 2176 339 2235; x_wconf 84' lang='lat' dir='ltr'>est?</span> <span class='ocrx_word' id='word_1_161' title='bbox 370 2181 424 2235; x_wconf 87' lang='lat' dir='ltr'>aut</span> <span class='ocrx_word' id='word_1_162' title='bbox 447 2173 579 2236; x_wconf 88' lang='lat' dir='ltr'>ridenda</span> <span class='ocrx_word' id='word_1_163' title='bbox 602 2173 710 2236; x_wconf 88' lang='lat' dir='ltr'>omnia</span> <span class='ocrx_word' id='word_1_164' title='bbox 737 2181 791 2235; x_wconf 89' lang='lat' dir='ltr'>aut</span> <span class='ocrx_word' id='word_1_165' title='bbox 815 2171 1024 2236; x_wconf 89' lang='lat' dir='ltr'>flenda-sunt.</span> <span class='ocrx_word' id='word_1_166' title='bbox 1069 2193 1134 2236; x_wconf 88' lang='lat' dir='ltr'>mon</span> <span class='ocrx_word' id='word_1_167' title='bbox 1156 2174 1305 2237; x_wconf 85' lang='lat' dir='ltr'>irascetur</span> 
     </span>
    </p>

    <p class='ocr_par' dir='ltr' id='par_1_8' title="bbox 87 2278 1343 2680">
     <span class='ocr_line' id='line_1_19' title="bbox 88 2278 1304 2362; baseline 0.003 -24"><span class='ocrx_word' id='word_1_168' title='bbox 88 2279 197 2360; x_wconf 88' lang='lat' dir='ltr'>sapiens</span> <span class='ocrx_word' id='word_1_169' title='bbox 227 2278 443 2361; x_wconf 90' lang='lat' dir='ltr'>peccantibus.</span> <span class='ocrx_word' id='word_1_170' title='bbox 488 2283 605 2361; x_wconf 87' lang='lat' dir='ltr'>quare?</span> <span class='ocrx_word' id='word_1_171' title='bbox 645 2280 717 2362; x_wconf 91' lang='lat' dir='ltr'>quia</span> <span class='ocrx_word' id='word_1_172' title='bbox 744 2281 802 2342; x_wconf 92' lang='lat' dir='ltr'>scit</span> <span class='ocrx_word' id='word_1_173' title='bbox 829 2280 988 2342; x_wconf 90' lang='lat' dir='ltr'>neminem</span> <span class='ocrx_word' id='word_1_174' title='bbox 1012 2279 1097 2342; x_wconf 91' lang='lat' dir='ltr'>nasci</span> <span class='ocrx_word' id='word_1_175' title='bbox 1120 2280 1304 2362; x_wconf 85' lang='lat' dir='ltr'>sapientem,</span> 
     </span>
     <span class='ocr_line' id='line_1_20' title="bbox 88 2383 1303 2468; baseline 0.003 -24"><span class='ocrx_word' id='word_1_176' title='bbox 88 2386 135 2447; x_wconf 88' lang='lat' dir='ltr'>sed</span> <span class='ocrx_word' id='word_1_177' title='bbox 155 2383 232 2462; x_wconf 86' lang='lat' dir='ltr'>fieri,</span> <span class='ocrx_word' id='word_1_178' title='bbox 266 2387 325 2448; x_wconf 92' lang='lat' dir='ltr'>scit</span> <span class='ocrx_word' id='word_1_179' title='bbox 348 2386 554 2468; x_wconf 88' lang='lat' dir='ltr'>paucissimos</span> <span class='ocrx_word' id='word_1_180' title='bbox 578 2387 665 2448; x_wconf 91' lang='lat' dir='ltr'>omni</span> <span class='ocrx_word' id='word_1_181' title='bbox 688 2406 769 2448; x_wconf 89' lang='lat' dir='ltr'>aeuo</span> <span class='ocrx_word' id='word_1_182' title='bbox 793 2385 942 2468; x_wconf 88' lang='lat' dir='ltr'>sapientis</span> <span class='ocrx_word' id='word_1_183' title='bbox 966 2386 1110 2461; x_wconf 89' lang='lat' dir='ltr'>euadere,</span> <span class='ocrx_word' id='word_1_184' title='bbox 1133 2387 1205 2468; x_wconf 92' lang='lat' dir='ltr'>quia</span> <span class='ocrx_word' id='word_1_185' title='bbox 1229 2406 1303 2448; x_wconf 90' lang='lat' dir='ltr'>con-</span> 
     </span>
     <span class='ocr_line' id='line_1_21' title="bbox 89 2490 1343 2574; baseline 0.003 -22"><span class='ocrx_word' id='word_1_186' title='bbox 89 2492 226 2556; x_wconf 90' lang='lat' dir='ltr'>dicionem</span> <span class='ocrx_word' id='word_1_187' title='bbox 254 2491 411 2554; x_wconf 89' lang='lat' dir='ltr'>humanae</span> <span class='ocrx_word' id='word_1_188' title='bbox 435 2493 518 2554; x_wconf 87' lang='lat' dir='ltr'>uitae</span> <span class='ocrx_word' id='word_1_189' title='bbox 540 2501 741 2574; x_wconf 85' lang='lat' dir='ltr'>perspectam</span> <span class='ocrx_word' id='word_1_190' title='bbox 765 2490 879 2556; x_wconf 90' lang='lat' dir='ltr'>habet:</span> <span class='ocrx_word' id='word_1_191' title='bbox 920 2511 1017 2555; x_wconf 88' lang='lat' dir='ltr'>nemo</span> <span class='ocrx_word' id='word_1_192' title='bbox 1045 2499 1151 2554; x_wconf 91' lang='lat' dir='ltr'>autem</span> <span class='ocrx_word' id='word_1_193' title='bbox 1174 2499 1303 2554; x_wconf 90' lang='lat' dir='ltr'>naturae</span> <span class='ocrx_word' id='word_1_194' title='bbox 1318 2515 1343 2556; x_wconf 83' lang='lat' dir='ltr'>m</span> 
     </span>
     <span class='ocr_line' id='line_1_22' title="bbox 87 2596 1303 2680; baseline 0.001 -21"><span class='ocrx_word' id='word_1_195' title='bbox 87 2617 165 2660; x_wconf 88' lang='lat' dir='ltr'>sanus</span> <span class='ocrx_word' id='word_1_196' title='bbox 186 2600 337 2674; x_wconf 80' lang='lat' dir='ltr'>irascitur.</span> <span class='ocrx_word' id='word_1_197' title='bbox 376 2600 451 2680; x_wconf 91' lang='lat' dir='ltr'>quid</span> <span class='ocrx_word' id='word_1_198' title='bbox 475 2600 567 2670; x_wconf 90' lang='lat' dir='ltr'>enim,</span> <span class='ocrx_word' id='word_1_199' title='bbox 591 2599 616 2660; x_wconf 93' lang='lat' dir='ltr'>si</span> <span class='ocrx_word' id='word_1_200' title='bbox 640 2599 743 2661; x_wconf 90' lang='lat' dir='ltr'>mirari</span> <span class='ocrx_word' id='word_1_201' title='bbox 767 2596 841 2660; x_wconf 90' lang='lat' dir='ltr'>uelit</span> <span class='ocrx_word' id='word_1_202' title='bbox 864 2617 928 2660; x_wconf 90' lang='lat' dir='ltr'>non</span> <span class='ocrx_word' id='word_1_203' title='bbox 944 2599 975 2660; x_wconf 90' lang='lat' dir='ltr'>in</span> <span class='ocrx_word' id='word_1_204' title='bbox 991 2597 1183 2662; x_wconf 91' lang='lat' dir='ltr'>siluestribus</span> <span class='ocrx_word' id='word_1_205' title='bbox 1200 2599 1303 2660; x_wconf 91' lang='lat' dir='ltr'>dumis</span> 
     </span>
    </p>
   </div>
   <div class='ocr_carea' id='block_1_3' title="bbox 63 2703 1343 3318">
    <p class='ocr_par' dir='ltr' id='par_1_9' title="bbox 63 2703 1343 3318">
     <span class='ocr_line' id='line_1_23' title="bbox 87 2703 1303 2789; baseline 0 -23"><span class='ocrx_word' id='word_1_206' title='bbox 87 2725 170 2784; x_wconf 91' lang='lat' dir='ltr'>poma</span> <span class='ocrx_word' id='word_1_207' title='bbox 191 2707 351 2789; x_wconf 91' lang='lat' dir='ltr'>pendere?</span> <span class='ocrx_word' id='word_1_208' title='bbox 390 2706 474 2786; x_wconf 93' lang='lat' dir='ltr'>quid,</span> <span class='ocrx_word' id='word_1_209' title='bbox 498 2707 523 2767; x_wconf 90' lang='lat' dir='ltr'>si</span> <span class='ocrx_word' id='word_1_210' title='bbox 547 2705 676 2767; x_wconf 89' lang='lat' dir='ltr'>miretur</span> <span class='ocrx_word' id='word_1_211' title='bbox 698 2706 822 2787; x_wconf 90' lang='lat' dir='ltr'>spineta</span> <span class='ocrx_word' id='word_1_212' title='bbox 845 2712 1014 2785; x_wconf 88' lang='lat' dir='ltr'>sentesque</span> <span class='ocrx_word' id='word_1_213' title='bbox 1037 2723 1100 2766; x_wconf 91' lang='lat' dir='ltr'>non</span> <span class='ocrx_word' id='word_1_214' title='bbox 1121 2703 1188 2767; x_wconf 92' lang='lat' dir='ltr'>utili</span> <span class='ocrx_word' id='word_1_215' title='bbox 1201 2703 1303 2786; x_wconf 93' lang='lat' dir='ltr'>aliqua</span> 
     </span>
     <span class='ocr_line' id='line_1_24' title="bbox 63 2807 1303 2895; baseline 0.002 -25"><span class='ocrx_word' id='word_1_216' title='bbox 63 2809 161 2892; x_wconf 74' lang='lat' dir='ltr'>liruge</span> <span class='ocrx_word' id='word_1_217' title='bbox 183 2809 346 2895; x_wconf 88' lang='lat' dir='ltr'>conpleri?</span> <span class='ocrx_word' id='word_1_218' title='bbox 376 2831 473 2874; x_wconf 90' lang='lat' dir='ltr'>nemo</span> <span class='ocrx_word' id='word_1_219' title='bbox 489 2813 637 2888; x_wconf 87' lang='lat' dir='ltr'>irascitur,</span> <span class='ocrx_word' id='word_1_220' title='bbox 662 2811 714 2873; x_wconf 93' lang='lat' dir='ltr'>ubi</span> <span class='ocrx_word' id='word_1_221' title='bbox 731 2812 840 2874; x_wconf 90' lang='lat' dir='ltr'>uitium</span> <span class='ocrx_word' id='word_1_222' title='bbox 856 2819 967 2872; x_wconf 88' lang='lat' dir='ltr'>natura</span> <span class='ocrx_word' id='word_1_223' title='bbox 982 2807 1131 2872; x_wconf 84' lang='lat' dir='ltr'>defendit.</span> <span class='ocrx_word' id='word_1_224' title='bbox 1162 2809 1303 2891; x_wconf 89' lang='lat' dir='ltr'>placidus</span> 
     </span>
     <span class='ocr_line' id='line_1_25' title="bbox 87 2915 1303 3001; baseline 0.002 -25"><span class='ocrx_word' id='word_1_225' title='bbox 87 2917 176 3000; x_wconf 87' lang='lat' dir='ltr'>itaque</span> <span class='ocrx_word' id='word_1_226' title='bbox 213 2919 341 3001; x_wconf 89' lang='lat' dir='ltr'>sapiens</span> <span class='ocrx_word' id='word_1_227' title='bbox 380 2927 412 2980; x_wconf 89' lang='lat' dir='ltr'>et</span> <span class='ocrx_word' id='word_1_228' title='bbox 442 2939 559 3000; x_wconf 91' lang='lat' dir='ltr'>aequus</span> <span class='ocrx_word' id='word_1_229' title='bbox 590 2918 764 2994; x_wconf 91' lang='lat' dir='ltr'>erroribus,</span> <span class='ocrx_word' id='word_1_230' title='bbox 803 2937 868 2980; x_wconf 89' lang='lat' dir='ltr'>nom</span> <span class='ocrx_word' id='word_1_231' title='bbox 901 2915 1016 2992; x_wconf 91' lang='lat' dir='ltr'>hostis,</span> <span class='ocrx_word' id='word_1_232' title='bbox 1054 2916 1112 2978; x_wconf 92' lang='lat' dir='ltr'>sed</span> <span class='ocrx_word' id='word_1_233' title='bbox 1143 2925 1303 2986; x_wconf 84' lang='lat' dir='ltr'>corrector</span> 
     </span>
     <span class='ocr_line' id='line_1_26' title="bbox 86 3020 1343 3107; baseline 0.003 -22"><span class='ocrx_word' id='word_1_234' title='bbox 86 3027 287 3103; x_wconf 89' lang='lat' dir='ltr'>peccantium,</span> <span class='ocrx_word' id='word_1_235' title='bbox 326 3024 390 3096; x_wconf 87' lang='lat' dir='ltr'>hoc</span> <span class='ocrx_word' id='word_1_236' title='bbox 424 3026 540 3087; x_wconf 91' lang='lat' dir='ltr'>cotidie</span> <span class='ocrx_word' id='word_1_237' title='bbox 569 3025 714 3107; x_wconf 89' lang='lat' dir='ltr'>procedit</span> <span class='ocrx_word' id='word_1_238' title='bbox 745 3026 869 3088; x_wconf 87' lang='lat' dir='ltr'>animo:</span> <span class='ocrx_word' id='word_1_239' title='bbox 912 3020 1001 3085; x_wconf 90' lang='lat' dir='ltr'>multi</span> <span class='ocrx_word' id='word_1_240' title='bbox 1032 3021 1108 3086; x_wconf 92' lang='lat' dir='ltr'>mihi</span> <span class='ocrx_word' id='word_1_241' title='bbox 1138 3031 1302 3084; x_wconf 91' lang='lat' dir='ltr'>occurrent</span> <span class='ocrx_word' id='word_1_242' title='bbox 1318 3047 1343 3090; x_wconf 80' lang='lat' dir='ltr'>rs</span> 
     </span>
     <span class='ocr_line' id='line_1_27' title="bbox 86 3125 1302 3224; baseline 0.001 -35"><span class='ocrx_word' id='word_1_243' title='bbox 86 3130 146 3191; x_wconf 90' lang='lat' dir='ltr'>uino</span> <span class='ocrx_word' id='word_1_244' title='bbox 168 3132 281 3206; x_wconf 91' lang='lat' dir='ltr'>dediti,</span> <span class='ocrx_word' id='word_1_245' title='bbox 313 3130 401 3194; x_wconf 92' lang='lat' dir='ltr'>multi</span> <span class='ocrx_word' id='word_1_246' title='bbox 424 3131 595 3206; x_wconf 89' lang='lat' dir='ltr'>libidinosi,</span> <span class='ocrx_word' id='word_1_247' title='bbox 620 3129 709 3224; x_wconf 69' lang='lat' dir='ltr'>mslti</span> <span class='ocrx_word' id='word_1_248' title='bbox 733 3131 854 3212; x_wconf 89' lang='lat' dir='ltr'>ingrati,</span> <span class='ocrx_word' id='word_1_249' title='bbox 878 3126 967 3192; x_wconf 93' lang='lat' dir='ltr'>multi</span> <span class='ocrx_word' id='word_1_250' title='bbox 990 3127 1084 3203; x_wconf 89' lang='lat' dir='ltr'>auari,</span> <span class='ocrx_word' id='word_1_251' title='bbox 1108 3125 1196 3191; x_wconf 92' lang='lat' dir='ltr'>multi</span> <span class='ocrx_word' id='word_1_252' title='bbox 1219 3127 1302 3190; x_wconf 84' lang='lat' dir='ltr'>iuriis</span> 
     </span>
     <span class='ocr_line' id='line_1_28' title="bbox 86 3234 1302 3318; baseline 0.001 -22"><span class='ocrx_word' id='word_1_253' title='bbox 86 3236 253 3300; x_wconf 85' lang='lat' dir='ltr'>ambitionis</span> <span class='ocrx_word' id='word_1_254' title='bbox 276 3238 395 3318; x_wconf 89' lang='lat' dir='ltr'>agitati.</span> <span class='ocrx_word' id='word_1_255' title='bbox 433 3239 539 3300; x_wconf 90' lang='lat' dir='ltr'>omnia</span> <span class='ocrx_word' id='word_1_256' title='bbox 562 3239 621 3300; x_wconf 91' lang='lat' dir='ltr'>ista</span> <span class='ocrx_word' id='word_1_257' title='bbox 640 3246 707 3299; x_wconf 90' lang='lat' dir='ltr'>tam</span> <span class='ocrx_word' id='word_1_258' title='bbox 730 3237 883 3318; x_wconf 89' lang='lat' dir='ltr'>propitius</span> <span class='ocrx_word' id='word_1_259' title='bbox 906 3234 1057 3318; x_wconf 88' lang='lat' dir='ltr'>adspiciet</span> <span class='ocrx_word' id='word_1_260' title='bbox 1077 3254 1172 3316; x_wconf 89' lang='lat' dir='ltr'>quam</span> <span class='ocrx_word' id='word_1_261' title='bbox 1189 3255 1302 3316; x_wconf 87' lang='lat' dir='ltr'>aegros</span> 
     </span>
    </p>
   </div>
   <div class='ocr_carea' id='block_1_4' title="bbox 88 3465 1300 3590">
    <p class='ocr_par' dir='ltr' id='par_1_10' title="bbox 88 3465 1300 3590">
     <span class='ocr_line' id='line_1_29' title="bbox 88 3465 1300 3550; baseline 0.003 -20"><span class='ocrx_word' id='word_1_262' title='bbox 88 3483 254 3535; x_wconf 74' lang='lat' dir='ltr'>linientibus:</span> <span class='ocrx_word' id='word_1_263' title='bbox 282 3485 407 3550; x_wconf 87' lang='lat' dir='ltr'>peccaturi</span> <span class='ocrx_word' id='word_1_264' title='bbox 432 3489 486 3534; x_wconf 91' lang='lat' dir='ltr'>sunt</span> <span class='ocrx_word' id='word_1_265' title='bbox 511 3481 618 3536; x_wconf 79' lang='lat' dir='ltr'>Haase:</span> <span class='ocrx_word' id='word_1_266' title='bbox 646 3465 785 3540; x_wconf 75' lang='lat' dir='ltr'>infantib;q</span> <span class='ocrx_word' id='word_1_267' title='bbox 803 3483 928 3548; x_wconf 86' lang='lat' dir='ltr'>peccaturi</span> <span class='ocrx_word' id='word_1_268' title='bbox 953 3487 1007 3532; x_wconf 88' lang='lat' dir='ltr'>sunt</span> <span class='ocrx_word' id='word_1_269' title='bbox 1097 3481 1244 3533; x_wconf 67' lang='lat' dir='ltr'>seditione</span> <span class='ocrx_word' id='word_1_270' title='bbox 1263 3481 1300 3548; x_wconf 73' lang='lat' dir='ltr'>(iri</span> 
     </span>
     <span class='ocr_line' id='line_1_30' title="bbox 1274 3563 1288 3590; baseline 0 0"><span class='ocrx_word' id='word_1_271' title='bbox 1274 3563 1288 3590; x_wconf 86' lang='lat' dir='ltr'>u</span> 
     </span>
    </p>
   </div>
   <div class='ocr_carea' id='block_1_5' title="bbox 84 3604 1301 3674">
    <p class='ocr_par' dir='ltr' id='par_1_11' title="bbox 84 3604 1301 3674">
     <span class='ocr_line' id='line_1_31' title="bbox 84 3604 1301 3674; baseline 0.001 -17"><span class='ocrx_word' id='word_1_272' title='bbox 84 3609 140 3674; x_wconf 84' lang='lat' dir='ltr'>ras.)</span> <span class='ocrx_word' id='word_1_273' title='bbox 238 3607 253 3662; x_wconf 73' lang='grc'><strong>6</strong></span> <span class='ocrx_word' id='word_1_274' title='bbox 279 3609 340 3659; x_wconf 85' lang='lat' dir='ltr'>alter</span> <span class='ocrx_word' id='word_1_275' title='bbox 365 3609 434 3658; x_wconf 83' lang='lat' dir='ltr'>alteri</span> <span class='ocrx_word' id='word_1_276' title='bbox 458 3604 596 3661; x_wconf 81' lang='lat' dir='ltr'>Muretus:</span> <span class='ocrx_word' id='word_1_277' title='bbox 623 3607 700 3657; x_wconf 85' lang='lat' dir='ltr'>altera</span> <span class='ocrx_word' id='word_1_278' title='bbox 726 3607 795 3656; x_wconf 83' lang='lat' dir='ltr'>alteri</span> <span class='ocrx_word' id='word_1_279' title='bbox 892 3609 908 3658; x_wconf 79' lang='grc'>8</span> <span class='ocrx_word' id='word_1_280' title='bbox 934 3611 958 3656; x_wconf 83' lang='lat' dir='ltr'>ut</span> <span class='ocrx_word' id='word_1_281' title='bbox 983 3606 1077 3673; x_wconf 80' lang='lat' dir='ltr'>(corr.)</span> <span class='ocrx_word' id='word_1_282' title='bbox 1175 3605 1208 3657; x_wconf 83' lang='lat'>10</span> <span class='ocrx_word' id='word_1_283' title='bbox 1232 3606 1301 3658; x_wconf 81' lang='lat' dir='ltr'>inicii</span> 
     </span>
    </p>
   </div>
   <div class='ocr_carea' id='block_1_6' title="bbox 85 3691 1211 3767">
    <p class='ocr_par' dir='ltr' id='par_1_12' title="bbox 85 3691 1211 3767">
     <span class='ocr_line' id='line_1_32' title="bbox 85 3691 1211 3767; baseline -0.002 -19"><span class='ocrx_word' id='word_1_284' title='bbox 85 3695 104 3756; x_wconf 85' lang='lat' dir='ltr'>(u</span> <span class='ocrx_word' id='word_1_285' title='bbox 124 3696 318 3767; x_wconf 79' lang='lat' dir='ltr'>suprascripsit</span> <span class='ocrx_word' id='word_1_286' title='bbox 341 3702 367 3749; x_wconf 82' lang='lat' dir='ltr'>et</span> <span class='ocrx_word' id='word_1_287' title='bbox 391 3713 404 3746; x_wconf 93' lang='lat' dir='ltr'>c</span> <span class='ocrx_word' id='word_1_288' title='bbox 429 3695 456 3748; x_wconf 84' lang='lat' dir='ltr'>r&#39;rr</span> <span class='ocrx_word' id='word_1_289' title='bbox 481 3712 497 3760; x_wconf 91' lang='lat' dir='ltr'>q</span> <span class='ocrx_word' id='word_1_290' title='bbox 522 3695 635 3748; x_wconf 79' lang='lat' dir='ltr'>mutauit</span> <span class='ocrx_word' id='word_1_291' title='bbox 660 3711 693 3748; x_wconf 86' lang='lat' dir='ltr'>m.</span> <span class='ocrx_word' id='word_1_292' title='bbox 713 3691 770 3760; x_wconf 84' lang='lat' dir='ltr'>alt.)</span> <span class='ocrx_word' id='word_1_293' title='bbox 882 3693 914 3746; x_wconf 76' lang='lat' dir='ltr'>tu</span> <span class='ocrx_word' id='word_1_294' title='bbox 933 3695 975 3744; x_wconf 86' lang='lat' dir='ltr'>leti</span> <span class='ocrx_word' id='word_1_295' title='bbox 995 3694 1078 3761; x_wconf 80' lang='lat' dir='ltr'>(corr.</span> <span class='ocrx_word' id='word_1_296' title='bbox 1097 3691 1125 3745; x_wconf 84' lang='lat' dir='ltr'>in</span> <span class='ocrx_word' id='word_1_297' title='bbox 1144 3693 1211 3760; x_wconf 79' lang='lat' dir='ltr'>ras.)</span> 
     </span>
    </p>
   </div>
   <div class='ocr_carea' id='block_1_7' title="bbox 84 3794 1228 3908">
    <p class='ocr_par' dir='ltr' id='par_1_13' title="bbox 84 3794 1228 3908">
     <span class='ocr_line' id='line_1_33' title="bbox 84 3794 1228 3908; baseline 0.003 -22"><span class='ocrx_word' id='word_1_298' title='bbox 84 3794 111 3886; x_wconf 75' lang='lat' dir='ltr'>ii</span> <span class='ocrx_word' id='word_1_299' title='bbox 124 3795 383 3908; x_wconf 59' lang='lat' dir='ltr'>iiiiiiwnuprascr.</span> <span class='ocrx_word' id='word_1_300' title='bbox 402 3853 435 3890; x_wconf 86' lang='lat' dir='ltr'>m.</span> <span class='ocrx_word' id='word_1_301' title='bbox 455 3837 521 3903; x_wconf 82' lang='lat' dir='ltr'>rer.)</span> <span class='ocrx_word' id='word_1_302' title='bbox 583 3838 622 3888; x_wconf 86' lang='lat' dir='ltr'>sin</span> <span class='ocrx_word' id='word_1_303' title='bbox 643 3837 672 3904; x_wconf 83' lang='lat' dir='ltr'>(n</span> <span class='ocrx_word' id='word_1_304' title='bbox 691 3835 718 3888; x_wconf 81' lang='lat' dir='ltr'>in</span> <span class='ocrx_word' id='word_1_305' title='bbox 737 3835 803 3902; x_wconf 83' lang='lat' dir='ltr'>ras.)</span> <span class='ocrx_word' id='word_1_306' title='bbox 873 3835 905 3888; x_wconf 80' lang='lat' dir='ltr'>tu</span> <span class='ocrx_word' id='word_1_307' title='bbox 925 3842 1035 3900; x_wconf 72' lang='lat' dir='ltr'>eoruque</span> <span class='ocrx_word' id='word_1_308' title='bbox 1055 3834 1228 3902; x_wconf 72' lang='lat' dir='ltr'>(neturus.)</span> 
     </span>
    </p>
   </div>
   <div class='ocr_carea' id='block_1_8' title="bbox 84 3921 1300 4089">
    <p class='ocr_par' dir='ltr' id='par_1_14' title="bbox 84 3921 1300 4089">
     <span class='ocr_line' id='line_1_34' title="bbox 84 3921 1300 3994; baseline 0.005 -22"><span class='ocrx_word' id='word_1_309' title='bbox 84 3925 128 3976; x_wconf 79' lang='lat' dir='ltr'>istic</span> <span class='ocrx_word' id='word_1_310' title='bbox 146 3929 194 3978; x_wconf 83' lang='lat' dir='ltr'>irae</span> <span class='ocrx_word' id='word_1_311' title='bbox 215 3924 380 3979; x_wconf 69' lang='lat' dir='ltr'>Priscianus:</span> <span class='ocrx_word' id='word_1_312' title='bbox 404 3927 515 3976; x_wconf 83' lang='lat' dir='ltr'>isticcine</span> <span class='ocrx_word' id='word_1_313' title='bbox 534 3927 614 3988; x_wconf 85' lang='lat' dir='ltr'>(ccine</span> <span class='ocrx_word' id='word_1_314' title='bbox 633 3924 660 3978; x_wconf 83' lang='lat' dir='ltr'>iri</span> <span class='ocrx_word' id='word_1_315' title='bbox 679 3939 745 3986; x_wconf 78' lang='lat' dir='ltr'>rar,</span> <span class='ocrx_word' id='word_1_316' title='bbox 771 3921 838 3994; x_wconf 82' lang='lat' dir='ltr'>quid</span> <span class='ocrx_word' id='word_1_317' title='bbox 856 3929 920 3979; x_wconf 78' lang='lat' dir='ltr'>ante</span> <span class='ocrx_word' id='word_1_318' title='bbox 935 3921 1025 3993; x_wconf 79' lang='lat' dir='ltr'>fuerit</span> <span class='ocrx_word' id='word_1_319' title='bbox 1042 3938 1095 3977; x_wconf 82' lang='lat' dir='ltr'>non</span> <span class='ocrx_word' id='word_1_320' title='bbox 1114 3931 1246 3994; x_wconf 54' lang='lat' dir='ltr'>apparea</span> <span class='ocrx_word' id='word_1_321' title='bbox 1274 3923 1300 3979; x_wconf 82' lang='lat' dir='ltr'>iu</span> 
     </span>
     <span class='ocr_line' id='line_1_35' title="bbox 84 4010 1300 4089; baseline 0.001 -26"><span class='ocrx_word' id='word_1_322' title='bbox 84 4016 242 4084; x_wconf 68' lang='lat' dir='ltr'>marginem.</span> <span class='ocrx_word' id='word_1_323' title='bbox 257 4019 271 4067; x_wconf 82' lang='grc'>4</span> <span class='ocrx_word' id='word_1_324' title='bbox 286 4013 311 4066; x_wconf 84' lang='lat' dir='ltr'>c.&#39;</span> <span class='ocrx_word' id='word_1_325' title='bbox 324 4015 361 4089; x_wconf 80' lang='lat' dir='ltr'>isti</span> <span class='ocrx_word' id='word_1_326' title='bbox 375 4030 446 4078; x_wconf 71' lang='lat' dir='ltr'>scene</span> <span class='ocrx_word' id='word_1_327' title='bbox 460 4015 579 4078; x_wconf 83' lang='lat' dir='ltr'>isticcine)</span> <span class='ocrx_word' id='word_1_328' title='bbox 656 4014 687 4066; x_wconf 80' lang='lat'>19</span> <span class='ocrx_word' id='word_1_329' title='bbox 702 4015 761 4076; x_wconf 85' lang='lat' dir='ltr'>fieri,</span> <span class='ocrx_word' id='word_1_330' title='bbox 781 4014 826 4064; x_wconf 86' lang='lat' dir='ltr'>scit</span> <span class='ocrx_word' id='word_1_331' title='bbox 845 4012 1011 4084; x_wconf 71' lang='lat' dir='ltr'>interpunqr&#39;l</span> <span class='ocrx_word' id='word_1_332' title='bbox 1026 4011 1122 4072; x_wconf 63' lang='lat' dir='ltr'>Germ</span> <span class='ocrx_word' id='word_1_333' title='bbox 1143 4010 1226 4083; x_wconf 68' lang='lat' dir='ltr'>uulgo</span> <span class='ocrx_word' id='word_1_334' title='bbox 1240 4013 1300 4068; x_wconf 85' lang='lat' dir='ltr'>lieri.</span> 
     </span>
    </p>
   </div>
   <div class='ocr_carea' id='block_1_9' title="bbox 83 4099 1301 4224">
    <p class='ocr_par' dir='ltr' id='par_1_15' title="bbox 83 4099 1301 4224">
     <span class='ocr_line' id='line_1_36' title="bbox 733 4099 759 4136; baseline -0.038 0"><span class='ocrx_word' id='word_1_335' title='bbox 733 4099 759 4136; x_wconf 84' lang='lat' dir='ltr'>es</span> 
     </span>
     <span class='ocr_line' id='line_1_37' title="bbox 83 4101 1301 4224; baseline 0.002 -21"><span class='ocrx_word' id='word_1_336' title='bbox 83 4157 121 4204; x_wconf 88' lang='lat' dir='ltr'>scit</span> <span class='ocrx_word' id='word_1_337' title='bbox 201 4159 270 4207; x_wconf 91' lang='lat' dir='ltr'>omni</span> <span class='ocrx_word' id='word_1_338' title='bbox 290 4174 336 4222; x_wconf 73' lang='lat' dir='ltr'>cuo</span> <span class='ocrx_word' id='word_1_339' title='bbox 356 4157 391 4224; x_wconf 90' lang='lat' dir='ltr'>(ni</span> <span class='ocrx_word' id='word_1_340' title='bbox 411 4173 424 4220; x_wconf 72' lang='lat'>9</span> <span class='ocrx_word' id='word_1_341' title='bbox 445 4155 472 4208; x_wconf 79' lang='lat' dir='ltr'>t‘rr</span> <span class='ocrx_word' id='word_1_342' title='bbox 491 4158 558 4221; x_wconf 80' lang='lat' dir='ltr'>ras.)</span> <span class='ocrx_word' id='word_1_343' title='bbox 643 4101 759 4221; x_wconf 80' lang='lat' dir='ltr'>sapieiitis</span> <span class='ocrx_word' id='word_1_344' title='bbox 779 4155 930 4224; x_wconf 74' lang='lat' dir='ltr'>(suprascr.</span> <span class='ocrx_word' id='word_1_345' title='bbox 951 4169 985 4209; x_wconf 86' lang='lat' dir='ltr'>m.</span> <span class='ocrx_word' id='word_1_346' title='bbox 1005 4155 1071 4220; x_wconf 79' lang='lat' dir='ltr'>rec.)</span> <span class='ocrx_word' id='word_1_347' title='bbox 1163 4155 1193 4208; x_wconf 79' lang='lat'>2]</span> <span class='ocrx_word' id='word_1_348' title='bbox 1216 4155 1301 4208; x_wconf 82' lang='lat' dir='ltr'>tiiirari</span> 
     </span>
    </p>
   </div>
   <div class='ocr_carea' id='block_1_10' title="bbox 83 4242 1300 4490">
    <p class='ocr_par' dir='ltr' id='par_1_16' title="bbox 83 4242 1300 4490">
     <span class='ocr_line' id='line_1_38' title="bbox 83 4242 1300 4316; baseline 0.002 -22"><span class='ocrx_word' id='word_1_349' title='bbox 83 4242 114 4304; x_wconf 82' lang='lat' dir='ltr'>(in</span> <span class='ocrx_word' id='word_1_350' title='bbox 130 4261 206 4316; x_wconf 69' lang='lat' dir='ltr'>marg</span> <span class='ocrx_word' id='word_1_351' title='bbox 225 4263 259 4300; x_wconf 88' lang='lat' dir='ltr'>m.</span> <span class='ocrx_word' id='word_1_352' title='bbox 279 4249 295 4299; x_wconf 77' lang='lat' dir='ltr'>t</span> <span class='ocrx_word' id='word_1_353' title='bbox 315 4261 336 4300; x_wconf 91' lang='lat' dir='ltr'>c.</span> <span class='ocrx_word' id='word_1_354' title='bbox 356 4247 424 4310; x_wconf 85' lang='lat' dir='ltr'>irari)</span> <span class='ocrx_word' id='word_1_355' title='bbox 527 4247 560 4298; x_wconf 73' lang='lat'>‘22</span> <span class='ocrx_word' id='word_1_356' title='bbox 586 4246 681 4310; x_wconf 85' lang='lat' dir='ltr'>spineta</span> <span class='ocrx_word' id='word_1_357' title='bbox 700 4245 736 4312; x_wconf 82' lang='lat' dir='ltr'>(ta</span> <span class='ocrx_word' id='word_1_358' title='bbox 754 4245 839 4309; x_wconf 83' lang='lat' dir='ltr'>corr.)</span> <span class='ocrx_word' id='word_1_359' title='bbox 936 4245 969 4296; x_wconf 71' lang='lat'>23</span> <span class='ocrx_word' id='word_1_360' title='bbox 995 4243 1115 4309; x_wconf 89' lang='lat' dir='ltr'>compleri</span> <span class='ocrx_word' id='word_1_361' title='bbox 1215 4243 1246 4296; x_wconf 73' lang='lat' dir='ltr'>rt</span> <span class='ocrx_word' id='word_1_362' title='bbox 1274 4259 1300 4308; x_wconf 70' lang='lat' dir='ltr'>sa</span> 
     </span>
     <span class='ocr_line' id='line_1_39' title="bbox 83 4329 1300 4403; baseline 0.005 -24"><span class='ocrx_word' id='word_1_363' title='bbox 83 4341 195 4386; x_wconf 86' lang='lat' dir='ltr'>corrector</span> <span class='ocrx_word' id='word_1_364' title='bbox 215 4333 331 4400; x_wconf 76' lang='lat' dir='ltr'>(iuras.)</span> <span class='ocrx_word' id='word_1_365' title='bbox 405 4334 438 4386; x_wconf 61' lang='lat' dir='ltr'>‘dir</span> <span class='ocrx_word' id='word_1_366' title='bbox 453 4335 501 4384; x_wconf 85' lang='lat' dir='ltr'>hoc</span> <span class='ocrx_word' id='word_1_367' title='bbox 520 4334 612 4384; x_wconf 86' lang='lat' dir='ltr'>cotidie</span> <span class='ocrx_word' id='word_1_368' title='bbox 632 4333 773 4403; x_wconf 80' lang='lat' dir='ltr'>(posthoc</span> <span class='ocrx_word' id='word_1_369' title='bbox 792 4347 857 4392; x_wconf 77' lang='lat' dir='ltr'>ras„</span> <span class='ocrx_word' id='word_1_370' title='bbox 878 4349 910 4384; x_wconf 90' lang='lat' dir='ltr'>co</span> <span class='ocrx_word' id='word_1_371' title='bbox 930 4336 1012 4399; x_wconf 84' lang='lat' dir='ltr'>corr.)</span> <span class='ocrx_word' id='word_1_372' title='bbox 1085 4333 1202 4398; x_wconf 82' lang='lat' dir='ltr'>procedet</span> <span class='ocrx_word' id='word_1_373' title='bbox 1218 4329 1300 4388; x_wconf 76' lang='lat' dir='ltr'>Gertz</span> 
     </span>
     <span class='ocr_line' id='line_1_40' title="bbox 145 4423 297 4490; baseline -0.013 -14"><span class='ocrx_word' id='word_1_374' title='bbox 145 4423 177 4476; x_wconf 73' lang='lat'>27</span> <span class='ocrx_word' id='word_1_375' title='bbox 192 4426 297 4490; x_wconf 72' lang='lat' dir='ltr'>¹aspiciet</span> 
     </span>
    </p>
   </div>
   <div class='ocr_carea' id='block_1_11' title="bbox 0 0 1610 5326">
    <p class='ocr_par' dir='ltr' id='par_1_17' title="bbox 0 0 1610 5326">
     <span class='ocr_line' id='line_1_41' title="bbox 0 0 1610 5326; baseline 0 4"><span class='ocrx_word' id='word_1_376' title='bbox 0 0 1610 5326; x_wconf 95' lang='lat' dir='ltr'> </span> 
     </span>
    </p>
   </div>
  </div>
 </body>
</html>
