3212 5326
269 361 308 421 54
561 333 571 354 ⁸
648 353 743 400 ,nixu
759 354 798 397 m.
828 355 868 395 os
882 354 935 395 uui
949 354 1004 398 me.
1020 356 1037 398 1.
1053 359 1087 398 eo.

1306 419 1324 450 Ι

269 510 408 582 gemunt.
455 501 498 562 ita
521 500 566 564 ira
589 499 740 562 muliebre
764 501 905 562 maxime
932 521 969 562 ac
999 501 1118 583 puerile
1141 502 1250 563 isitium
1282 510 1339 564 est.
1385 512 1419 564 at
1450 505 1494 564 in·
1595 525 1596 586 i

268 607 342 669 cidit
373 615 406 669 et
437 593 468 668 in
495 608 587 668 uiros.
634 627 709 669 nam
739 607 810 668 uiris
841 627 968 687 quoque
998 607 1128 689 puerilia
1158 628 1196 670 ac
1227 607 1391 670 muliebria
1424 619 1496 671 sunt
1595 593 1596 652 1

267 713 400 794 ingenia.
439 714 515 794 quid
545 711 646 794 ergo?
677 733 741 774 non
764 713 887 793 aliquae
915 733 1010 776 uoces
1033 713 1075 774 ab
1099 715 1182 776 iratis
1206 716 1392 777 emittuntur
1413 735 1526 796 quaer

269 840 389 901 magno
413 819 545 882 emissae
561 820 726 881 uideantur
749 818 878 882 animo?
901 821 999 881 immo
1015 839 1124 882 ueram
1139 813 1357 902 ignorantibus
1373 823 1495 903 magni-

241 914 418 990 studinem.
463 925 563 1007 qualis
586 923 637 986 illa
659 926 727 987 dira
749 934 781 987 et
809 925 1042 992 abominanda:
1076 927 1218 1002 oderint,
1242 927 1319 988 dum
1344 936 1497 989 metuant.

268 1032 399 1096 Sullano
423 1033 501 1094 scias
524 1031 651 1094 saeculo
674 1032 831 1113 scriptam.
869 1032 976 1093 nescio
999 1033 1104 1093 utrum
1127 1032 1186 1094 sibi
1216 1034 1304 1115 peius
1328 1036 1496 1114 optauerit,

268 1148 303 1201 ut
335 1140 410 1202 odio
442 1146 540 1212 esset,
565 1157 605 1199 an
636 1148 670 1200 ut
696 1139 810 1201 timori.
857 1139 989 1200 oderint.
1036 1139 1171 1200 occurrit
1200 1138 1241 1201 illi
1278 1138 1434 1213 futurum,
1462 1150 1497 1202 ut

267 1255 464 1320 execrentur,
488 1245 676 1319 insidientur,
693 1245 884 1327 opprimant.
929 1245 1004 1324 quid
1020 1245 1136 1306 adicit?
1158 1245 1190 1306 di
1206 1244 1247 1308 illi
1262 1245 1345 1308 male
1360 1245 1493 1314 saciant:
1596 1327 1597 1340 χ

267 1353 351 1420 adeo
389 1352 525 1434 repperit
564 1351 694 1432 dignum
733 1351 809 1413 odio
848 1351 1032 1413 remedium.
1094 1352 1234 1421 oderintt
1276 1353 1371 1432 quid?
1419 1352 1496 1414 dum

229 1477 253 1518 ro
267 1461 417 1541 pareant?
453 1478 526 1519 non
579 1457 656 1519 dum
687 1457 844 1540 probent?
875 1476 948 1519 non.
999 1457 1076 1537 quid
1108 1461 1208 1538 ergo?
1246 1459 1323 1519 dum
1354 1459 1496 1521 timeant
1596 1531 1597 1534 Ἴ

267 1565 311 1626 sic
333 1583 373 1625 ne
396 1565 495 1626 amari
522 1564 651 1646 quidem
682 1562 805 1625 uellem.
856 1582 974 1643 magno
1006 1563 1070 1626 hoc
1098 1565 1216 1626 dictum
1247 1565 1355 1648 spiritu
1386 1569 1526 1648 putasl5

266 1670 388 1732 falleris.
435 1689 493 1732 nec
524 1671 621 1759 enim,
638 1669 823 1751 magnitudo
854 1669 913 1732 ista
943 1678 1007 1746 est,
1043 1673 1100 1732 sed
1130 1671 1304 1733 inmanitas.
1351 1691 1416 1733 non
1448 1681 1497 1733 est

267 1777 355 1857 quod
382 1779 494 1838 credas
517 1777 715 1838 irascentium
739 1775 851 1851 uerbis
873 1796 1009 1856 quorum
1034 1776 1181 1858 strepitus
1205 1777 1324 1858 magni,
1357 1779 1497 1839 minaces

267 1893 347 1958 sunt,
371 1884 452 1945 intra
475 1903 564 1945 mens
588 1883 797 1965 pauidissima.
844 1901 903 1943 nec
926 1889 974 1944 est
997 1881 1084 1962 quod
1106 1883 1267 1944 existimes
1289 1903 1400 1945 uerum
1417 1903 1525 1958 essen
1597 1941 1598 1948 ,

229 2009 252 2049 rs
266 1990 354 2071 quod
369 1991 454 2070 apud
475 1989 711 2051 disertissimum
727 1987 827 2050 uirum
844 1987 880 2049 T.
898 1987 1022 2050 Liuium
1038 1989 1149 2050 dicitur
1164 1988 1220 2050 uir
1239 1989 1363 2068 ingenii
1383 1991 1499 2070 anagyri

267 2097 375 2176 magis
403 2115 501 2176 quam
525 2095 605 2158 boni.
653 2115 718 2156 non
741 2104 848 2177 potest
871 2095 955 2156 istud
978 2096 1133 2176 separari:
1147 2105 1214 2166 ‚aut
1237 2105 1270 2158 et
1292 2095 1415 2159 bonum
1440 2099 1497 2160 erit

267 2212 321 2266 aut
345 2224 403 2265 nec
427 2222 589 2283 magnum,
612 2203 683 2282 quia
707 2201 956 2281 magnitudinem
981 2200 1074 2261 animi
1105 2201 1322 2263 inconcussam
1346 2202 1495 2284 intellego

267 2319 299 2372 et
322 2310 473 2371 introrsus
504 2308 639 2371 solidam
670 2316 703 2369 et
733 2307 775 2369 ab
803 2308 868 2369 imo
900 2325 1010 2387 parem
1042 2305 1242 2388 firmamque,
1271 2307 1371 2388 qualis
1396 2309 1496 2370 inesse

268 2414 357 2478 mali's
379 2416 509 2496 ingeniis
533 2435 597 2476 non
628 2422 743 2497 potest.
790 2411 940 2474 terribilia
971 2413 1054 2479 enim
1085 2433 1155 2474 esse
1187 2423 1220 2475 et
1247 2414 1444 2477 tumultuosa
1466 2422 1525 2476 etl

227 2539 253 2580 n
268 2522 403 2584 exitiosa
425 2530 577 2602 possunt:
604 2520 855 2610 magnitudinem
872 2519 1010 2599 quidem,
1033 2519 1118 2580 cuius
1134 2519 1369 2583 firmamentum
1386 2521 1493 2584 robur-

267 2647 329 2710 que
353 2627 478 2689 bonitas
502 2635 559 2702 est,
583 2645 647 2687 non
670 2624 844 2688 habebunt.
883 2635 1024 2687 ceterum
1041 2645 1198 2701 sermone,
1221 2635 1338 2688 conatu
1362 2636 1395 2689 et
1412 2628 1495 2689 omni

268 2744 360 2797 extra
382 2742 494 2816 paratu
517 2732 632 2794 facient
655 2732 879 2813 magnitudinis
902 2732 1009 2794 fidem.
1050 2730 1238 2813 eloquentur
1260 2733 1385 2814 aliquid,
1409 2735 1524 2814 quod8
1598 2759 1599 2828 ἐ

266 2849 301 2904 tu
325 2841 431 2920 magni
454 2841 577 2922 spiritus
605 2848 712 2920 putes,
744 2840 823 2900 sicut
857 2837 891 2900 C.
916 2837 1049 2912 Caesar,
1080 2839 1134 2918 qui
1163 2839 1259 2900 iratus
1282 2838 1384 2914 caelo,
1408 2840 1493 2920 quod

267 2956 466 3030 opstreperet
489 2945 701 3027 pantomimis,
724 2965 805 3025 quos
828 2943 1009 3006 imitabatur
1025 2945 1194 3006 studiosius
1209 2963 1305 3025 quam
1320 2944 1492 3026 spectabat,

227 3072 252 3114 n
267 3054 417 3135 quodque
432 3053 623 3114 comessatio
639 3072 695 3116 sua
709 3050 888 3113 fulminibus
912 3059 1089 3125 terreretur,
1112 3072 1241 3132 prorsus
1263 3070 1376 3132 parum
1393 3060 1493 3113 certus

266 3161 381 3222 mentis
404 3160 446 3221 ad
469 3141 608 3241 pugnam
625 3158 750 3219 uocauit
766 3155 875 3218 louein
892 3165 924 3218 et
940 3158 1068 3237 quidem
1085 3158 1151 3218 sine
1168 3158 1323 3232 missione,
1349 3158 1492 3219 Homeri-

267 3287 339 3328 cum
363 3263 448 3326 illum
472 3265 655 3326 exclamans
678 3283 813 3337 uersum,

689 3362 735 3418 Ἤ
748 3365 776 3437 μ’
798 3363 901 3440 ἀνάειρ’
923 3363 937 3430 ἢ
957 3364 1011 3436 ἐγώ
1031 3368 1069 3420 σε’.

266 3470 384 3542 quanta
408 3461 567 3523 dementia
582 3458 653 3520 fuit!
684 3459 806 3545 putauit
834 3466 888 3518 aut
919 3458 977 3520 sibi
1000 3458 1107 3520 noceri
1138 3478 1179 3519 ne
1202 3458 1244 3519 ab
1267 3459 1344 3521 Ioue
1368 3460 1524 3540 quidemn

226 3583 252 3625 ³0
267 3586 362 3650 posse
385 3576 439 3629 aut
461 3587 495 3628 se
520 3586 634 3629 nocere
658 3565 841 3634 etiamloui
864 3583 968 3646 posse.
992 3585 1081 3628 .non
1104 3573 1183 3645 puto
1207 3584 1318 3647 parum
1342 3565 1492 3628 momenti

268 3684 479 3691 ——.-.....

268 3743 281 3794 1
303 3751 327 3790 at
346 3742 366 3807 (t
384 3741 469 3807 carr.)
569 3733 786 3805 lmagn⁰emisse
806 3739 963 3805 (eiuras.)
1055 3741 1154 3789 animo?
1174 3741 1226 3789 ir‘no
1243 3737 1373 3810 Madaiq:
1396 3743 1491 3790 animo*

347 3829 362 3881 b
382 3831 477 3894 syllano
558 3831 626 3893 seclo
707 3830 775 3893 peius
795 3827 833 3893 (in
853 3828 920 3893 ras.)
1004 3808 1074 3892 {lq-d
1161 3829 1221 3892 quid
1239 3829 1307 3878 tum?
1330 3826 1413 3882 Gertz

268 3921 298 3972 11
319 3936 350 3968 ne
368 3917 428 3972 aad.
448 3917 557 3972 Beral.:
578 3935 623 3968 nee
699 3914 775 3984 Canf.
797 3913 935 3970 Gertziam
1007 3916 1103 3983 spiritu]
1123 3923 1171 3980 spi]
1245 3915 1278 3969 14
1297 3919 1426 3968 existemes

266 4008 299 4062 15
320 4010 386 4073 apud
410 4009 571 4059 disertissimi]
595 4003 674 4057 dicitv
694 4005 744 4058 sed
768 4007 792 4053 ui
902 4005 946 4055 uil'l
971 4002 998 4055 in
1024 4019 1110 4073 marq.
1135 4020 1169 4058 m.
1193 4002 1241 4058 alr.
1262 4002 1388 4059 ductibus
1407 4020 1492 4076 paene

265 4096 398 4160 enanidis,
418 4096 445 4148 in
465 4095 562 4165 quibas
581 4093 666 4148 latere
678 4093 787 4146 uidetur
805 4091 880 4161 qaod
891 4107 929 4145 eac
943 4077 1124 4146 deterioribus
1142 4091 1273 4162 rralpatnr
1290 4095 1369 4143 uirum
1382 4096 1489 4148 Liuium

264 4201 431 4255 praenomen
450 4188 481 4236 T.
500 4164 610 4238 udaian
630 4181 712 4236 Gertz
737 4183 785 4251 qai
810 4179 841 4234 ia
863 4177 926 4234 huic
950 4181 1054 4234 nomini
1076 4197 1183 4250 semper
1201 4179 1305 4234 aridia
1325 4181 1430 4237 Seneca
1447 4179 1490 4234 ab·

266 4274 389 4326 seruauit
491 4274 524 4326 23
543 4274 640 4338 spiritus
659 4269 767 4324 addidit
785 4268 869 4336 Koch,
890 4272 965 4319 animi
985 4269 1102 4323 malebat
1122 4269 1204 4324 Gertz
1292 4269 1326 4323 24
1346 4274 1490 4335 obstreperet

267 4360 431 4416 deteriores:
447 4342 615 4426 obstrepereti
634 4363 701 4424 (ras.
712 4359 820 4428 pernati)
940 4358 973 4410 Ξῖ)
993 4365 1072 4408 certus
1091 4361 1179 4409 mentis
1197 4356 1288 4412 Koch:
1311 4361 1382 4409 certis

267 4444 362 4502 2871
375 4445 403 4520 μ’
424 4446 526 4523 ἀνάειρ’
548 4447 561 4513 ἢ
581 4445 635 4518 ἐγώ
655 4449 685 4501 σε’
705 4446 844 4501 Muretus:
866 4445 1216 4500 HMANAPENEFQCE.
