3184 5318
274 344 336 406 170
494 340 574 386 DlAL.
583 341 632 384 Vll.
661 341 703 382 AD
718 340 896 384 cantionem
911 341 1158 388 narranaam.
1188 343 1220 387 lb.
1236 345 1267 386 Π.

270 487 460 550 desiderium
495 489 638 550 omnium
673 487 800 570 posito?
838 487 914 570 quid
950 489 1144 552 extrinsecus
1175 509 1255 570 opus
1286 498 1335 552 est
1365 490 1411 563 ei,
1448 491 1496 570 qui

270 595 379 658 omnia
401 615 458 658 sua
479 596 511 657 in
533 615 568 658 se
590 593 738 676 collegit?
770 596 827 658 sed
851 595 894 670 ei,
917 595 970 676 qui
992 596 1034 657 ad
1057 596 1205 658 uirtutem
1229 596 1346 671 tendit,
1378 597 1496 659 etiamsi

269 700 405 765 multum
428 704 589 783 processit,
613 723 694 784 opus
718 710 767 766 est
789 701 893 784 aliqua
914 700 1060 766 fortunae
1083 702 1277 786 indulgentia
1299 701 1405 765 adhuc
1420 703 1496 766 inter

271 807 410 872 humana
438 808 584 884 luctanti,
625 811 700 872 dum
732 810 852 871 nodum
883 807 968 872 illum
1000 809 1121 872 exoluit
1152 820 1184 873 et
1214 829 1311 872 omne
1340 809 1495 872 uinculum

229 932 242 970 ὁ
270 914 413 978 mortale.
458 916 534 998 quid
559 937 636 997 ergo
659 917 808 980 interest?
837 917 925 997 quod
948 914 998 978 alii
1021 915 1150 998 adligati
1173 927 1255 990 sunt,
1278 915 1327 978 alii
1351 915 1496 991 adstricti,

269 1020 319 1084 alii
350 1023 489 1086 destricti
520 1043 663 1105 quoque:
697 1023 764 1098 hic,
795 1024 848 1105 qui
878 1023 920 1086 ad
943 1024 1105 1104 superiora
1126 1043 1314 1106 progressus
1336 1031 1387 1086 est
1412 1031 1445 1085 et
1467 1043 1496 1084 se

269 1128 360 1191 altius
383 1128 505 1206 extulit,
529 1129 636 1194 laxam
660 1139 804 1194 catenam
828 1130 924 1194 trahit
946 1133 1090 1194 nondum
1113 1130 1200 1206 liber,
1224 1131 1291 1200 iam¹
1310 1139 1422 1194 tamen
1443 1150 1496 1213 pro

269 1234 377 1300 libero.
964 1291 972 1302 .

340 1343 461 1422 xvii.
507 1341 541 1408 Si
571 1345 640 1426 quis
670 1345 776 1426 itaque
800 1364 842 1406 ex
866 1344 947 1419 istis,
977 1345 1031 1426 qui
1053 1342 1287 1426 philosophiam
1311 1343 1522 1419 conlatrant,1

232 1473 255 1515 u
269 1452 355 1533 quod
386 1449 507 1524 solent,
538 1451 669 1514 dixerit:
700 1471 798 1533 quare
828 1471 906 1532 ergo
929 1460 963 1514 tu
987 1450 1097 1515 lortius
1121 1451 1258 1533 loqueris
1281 1471 1377 1532 quam
1404 1452 1495 1514 uiuis?

268 1578 365 1640 quare
396 1566 428 1619 et
459 1558 610 1640 superiori
641 1557 739 1620 uerba
768 1558 937 1622 summittis
961 1567 995 1621 et
1017 1559 1184 1640 pecuniam
1208 1559 1423 1622 necessarium
1447 1558 1496 1620 tibi

269 1669 510 1728 instrumentum
534 1665 697 1728 existimas
721 1674 753 1728 et
776 1664 895 1727 damno
919 1665 1056 1728 moueris
1080 1673 1112 1727 et
1135 1664 1278 1727 lacrimas
1299 1665 1410 1728 audita
1426 1685 1495 1729 con-

269 1772 347 1852 iugis
386 1779 441 1834 aut
477 1772 568 1864 amici
607 1781 712 1835 morte
750 1772 890 1834 demittis
921 1781 954 1834 et
984 1773 1111 1854 respicis
1141 1771 1260 1836 lamam
1292 1781 1324 1835 et
1355 1771 1496 1854 malignis

268 1878 467 1942 sermonibus
491 1879 649 1960 tangeris?
672 1899 770 1962 quare
792 1877 903 1943 cultius
926 1899 978 1942 rus
1001 1880 1058 1942 tibi
1081 1891 1130 1942 est
1152 1901 1248 1961 quarn
1265 1879 1414 1942 naturalis
1430 1893 1524 1946 usust

232 2007 255 2048 rs
269 1985 449 2063 desiderat?
477 2006 533 2048 cur
554 2005 619 2048 non
641 1988 684 2048 ad
707 1988 935 2068 praescriptum
958 1997 1048 2050 tuum
1072 1991 1186 2050 cenas?
1218 2008 1272 2050 cur
1295 1986 1352 2049 tibi
1374 1986 1496 2049 nitidior

268 2091 412 2174 supellex
443 2096 512 2154 est?
560 2113 615 2154 cur
644 2091 729 2174 apud
760 2103 793 2156 te
825 2093 931 2156 uinum
962 2101 1067 2156 aetate
1098 2103 1153 2156 tua
1184 2092 1335 2156 uetustius
1363 2092 1495 2156 bibitur?

269 2219 323 2261 cur
356 2220 466 2262 aruum
492 2199 687 2280 disponitur?
719 2221 775 2263 cur
797 2200 927 2263 arbores
950 2199 1026 2263 nihil
1048 2177 1175 2282 praeter
1199 2200 1345 2263 umbram
1369 2201 1495 2262 daturae

269 2310 497 2369 conseruntur?
536 2326 632 2388 quare
670 2326 753 2370 uxor
785 2317 840 2371 tua
870 2306 1036 2390 locupletis
1067 2309 1183 2370 domus
1214 2326 1345 2369 censum
1375 2306 1496 2368 auribus

269 2414 369 2494 gerit?
402 2433 499 2494 quare
530 2414 768 2495 paedagogium
799 2414 938 2494 pretiosa
969 2423 1057 2478 ueste
1087 2413 1298 2494 succingitur?
1330 2432 1430 2494 quare
1452 2433 1497 2474 ars
1589 2443 1590 2478 3

229 2537 255 2578 ro
270 2528 319 2581 est
341 2521 428 2602 apud
452 2528 485 2581 te
509 2520 683 2582 ministrare
706 2541 765 2582 nec
788 2529 910 2583 temere
933 2530 966 2583 et
981 2530 1015 2585 ut
1030 2520 1107 2584 libet
1124 2519 1308 2582 conlocatur
1324 2529 1497 2602 argentum,

269 2627 327 2690 sed
349 2627 450 2709 perite
473 2627 602 2690 struitur
624 2635 656 2690 et
680 2635 728 2689 est
751 2626 859 2710 aliquis
882 2627 1044 2690 scindendi
1065 2626 1189 2690 obsonii
1206 2626 1378 2708 magister?
1402 2627 1497 2700 adice,

268 2734 294 2796 si
323 2734 387 2809 uis,
419 2754 474 2796 cur
504 2743 590 2796 trans
615 2753 703 2796 mare
725 2735 890 2815 possides?
922 2755 977 2796 cur
1000 2732 1210 2817 pluraquam
1233 2735 1338 2796 nosti?
1370 2733 1496 2815 turpiter

268 2849 323 2903 aut
353 2849 420 2902 tam
451 2840 625 2922 neglegens
648 2861 699 2916 es,
730 2850 765 2903 ut
788 2861 853 2903 non
876 2842 1001 2904 noueris
1023 2841 1175 2922 pauculos
1198 2861 1324 2916 seruos,
1356 2852 1411 2903 aut
1432 2851 1496 2903 tam
1588 2883 1589 2926 ;

268 2945 461 3022 luxuriosus,
493 2955 527 3009 ut
556 2947 661 3028 plures
684 2946 803 3010 habeas
825 2967 922 3030 quam
946 2931 1083 3029 quorum
1105 2947 1237 3010 notitiae
1260 2948 1416 3010 memoria
1438 2944 1514 3008 suf„

228 3072 254 3113 rs
268 3054 360 3117 ficiat.
406 3053 564 3116 adiuuabo
594 3039 770 3135 postmodo
802 3055 959 3130 conuicia,
990 3063 1022 3118 et
1051 3054 1143 3136 plura
1173 3039 1249 3116 milri
1279 3075 1378 3135 quam
1408 3061 1525 3134 putas3

268 3160 421 3236 obiciam,
452 3181 535 3222 nunc
557 3159 620 3222 hoc
643 3163 822 3243 respondeo
846 3162 918 3225 tibi:
945 3183 1009 3224 non
1031 3183 1102 3225 sum
1126 3162 1251 3243 sapiens
1275 3170 1324 3236 et,
1357 3171 1391 3222 ut
1413 3158 1495 3222 mali·

268 3266 440 3330 uolentiam
471 3275 559 3330 tuam
591 3287 737 3348 pascam,
768 3289 827 3331 nec
855 3289 919 3331 er0.
965 3270 1060 3350 exige
1090 3249 1196 3351 itaque
1227 3289 1247 3332 a
1278 3289 1347 3344 me,
1378 3287 1442 3330 non
1464 3276 1497 3328 ut

269 3373 397 3454 optimis
420 3393 478 3454 par
500 3376 574 3448 sim,
596 3375 654 3436 sed
678 3384 713 3438 ut
736 3375 825 3438 malis
850 3374 977 3438 melior:
1011 3374 1073 3438 hoc
1097 3375 1172 3438 mihi
1195 3376 1271 3438 satis
1295 3385 1360 3450 est,
1384 3372 1496 3438 cotidie
1587 3395 1588 3414 2

270 3477 386 3559 aliquid
416 3499 459 3540 ex
490 3480 569 3542 uitiis
601 3479 679 3543 meis
711 3482 840 3543 demere
870 3489 903 3544 et
934 3502 1056 3544 errores
1088 3501 1178 3544 meos
1210 3481 1388 3562 obiurgare.
1434 3487 1525 3542 nont

271 3671 287 3723 5
312 3673 379 3736 quod
399 3672 441 3722 alii
461 3673 556 3736 alligati
575 3671 741 3726 deteriores:
768 3675 835 3739 quod
854 3691 910 3724 ame
929 3675 1024 3739 alligati
1120 3675 1162 3724 ulii
1182 3675 1295 3724 adstricti
1314 3675 1356 3724 alii
1374 3671 1497 3741 (alterni

270 3759 298 3812 in
316 3758 430 3812 uocibus
444 3761 486 3809 alii
500 3777 602 3814 nourr.
617 3759 723 3828 additu)
809 3762 825 3815 6
844 3779 947 3828 quoqa
1037 3763 1071 3816 10
1089 3765 1152 3814 uiuis
1165 3761 1330 3817 deteriores:
1351 3765 1417 3812 uiues

272 3849 304 3901 13
323 3849 434 3898 demittis
458 3847 533 3916 qnod
556 3854 730 3902 mutarerunt
748 3848 875 3904 Muretus
898 3856 924 3904 et
943 3850 1053 3923 Lipsius
1071 3850 1232 3921 defenditur
1250 3850 1312 3905 loco
1334 3850 1413 3920 Verq.
1434 3853 1496 3903 Aen.
1586 3911 1587 3914 Ἴ

271 3940 294 4002 6,
315 3941 365 3988 455
391 3937 489 3986 demisit
514 3938 628 3987 lacrimas
761 3939 794 3992 16
818 3941 919 4005 supplex
943 3942 1050 4006 supellex
1076 3942 1188 4007 (supplex
1215 3939 1316 3994 lineola
1341 3944 1497 3992 transcursa

271 4040 397 4109 deletum)
502 4051 559 4107 aput
661 4043 694 4096 17
720 4020 769 4096 {uti
789 4043 849 4101 cod.
870 4047 957 4097 atrium
976 4043 1091 4116 Maduiq
1202 4045 1235 4099 18
1264 4053 1420 4097 conseruntur
1439 4042 1494 4097 11¹:

272 4139 444 4180 conseruantur
561 4131 593 4183 19
617 4133 785 4197 pedagogium
883 4134 917 4188 20
942 4141 1001 4200 aput
1019 4136 1047 4200 (d
1066 4150 1140 4188 corr.
1160 4151 1198 4189 rx
1217 4135 1236 4201 t)
1346 4135 1377 4187 21
1402 4135 1497 4182 struitur

272 4217 398 4287 Lipsius:
426 4217 510 4268 seruit*
612 4219 645 4271 94
672 4224 791 4271 memoria
817 4222 907 4276 nescio
931 4223 1007 4292 quis:
1034 4215 1154 4287 memorie
1257 4224 1293 4277 27
1317 4241 1365 4274 non
1382 4231 1408 4270 ut
1429 4218 1495 4282 cod,

272 4304 333 4360 item
353 4304 519 4360 Pincianus:
541 4315 566 4356 ut
585 4323 634 4356 non
652 4306 765 4362 Fickert
782 4317 808 4364 er
826 4308 920 4364 Haase
939 4317 1076 4381 tamquam
1095 4327 1133 4366 ex
1152 4310 1247 4366 codice
1337 4313 1369 4365 28
1386 4325 1434 4375 par
1451 4311 1494 4358 sim

273 4449 312 4509 (ar
330 4445 358 4499 r'n
376 4447 443 4513 ras.)
534 4446 568 4500 29
588 4449 680 4515 aliquid
699 4449 727 4515 (d
745 4465 783 4504 ecc
801 4459 810 4501 t
829 4454 912 4520 corr.)
1004 4413 1059 4505 uitis
