3184 5318
6 531 8 590 l

242 324 325 370 urna.
340 325 380 370 rx.
408 325 451 368 ao
466 321 609 370 ssaauvn
624 322 664 366 ua
678 323 945 376 raauovuumcs
958 321 1056 372 autur.
1087 327 1119 372 n.
1230 321 1290 394 Μ

6 457 8 514 ³
74 473 225 556 trepidum
257 474 392 539 animal?
425 496 464 539 eo
495 475 597 556 magis
627 473 901 538 conuolneraberis
933 482 966 536 et
988 471 1193 548 confodieris,
1224 474 1296 556 quia

74 583 165 646 nescis
190 582 347 664 praebere
369 582 529 665 iugulum:
562 591 596 646 at
618 591 653 646 tu
677 591 709 646 et
732 584 818 645 uiues
842 583 956 646 diutius
977 591 1011 646 et
1034 581 1174 644 morieris
1198 600 1295 661 expe·

75 689 167 764 ditius,
192 689 247 770 qui
271 688 385 752 lerrum
410 707 474 752 non
497 688 653 754 subducta
677 689 797 752 ceruice
817 707 876 752 nec
891 687 1037 754 manibus
1053 684 1216 770 oppositis,
1239 687 1296 748 sed

49 795 208 868 uanimose
239 794 360 876 recipis.
405 794 457 876 qui
490 803 636 857 mortem
651 793 783 869 timebit,
814 793 888 860 nihil
913 811 1063 875 umquam
1087 811 1146 874 pro
1169 778 1297 856 homine

75 903 139 962 uiuo
168 899 285 963 taciem·
321 910 353 964 at
383 901 435 984 qui
465 901 542 964 sciet
572 899 636 964 hoc
666 901 723 964 sibi
753 920 825 963 cum
853 899 1070 980 conciperetur
1092 900 1199 962 statim
1222 908 1323 962 con-t

6 1025 8 1078 l
74 1005 203 1080 dictum,
235 1007 322 1070 uiuet
352 1008 393 1068 ad
424 1005 592 1070 formulam
624 1014 656 1070 et
686 1005 777 1070 simul
808 1005 882 1070 illud
913 1025 1041 1088 quoque
1064 1006 1180 1068 eodem
1204 1003 1298 1068 animi

6 1117 8 1162 t
75 1111 183 1174 robore
215 1112 404 1194 praestabit,
437 1133 477 1174 ne
507 1113 582 1194 quid
614 1133 656 1174 ex
686 1113 738 1186 iis,
773 1131 855 1195 quae
886 1111 1047 1186 eueniunt,
1083 1111 1220 1174 subitum
1250 1111 1297 1172 sit.

75 1217 220 1300 quidquid
244 1219 328 1282 enim
351 1217 416 1282 fieri
432 1227 555 1306 potest,
571 1219 659 1299 quasi
675 1217 812 1282 futurum
829 1221 877 1292 sit,
901 1217 1123 1299 prospiciendo
1139 1216 1297 1280 malorum

6 1339 8 1388 t
76 1324 210 1388 omniurn
242 1325 367 1407 inpetus
398 1324 535 1401 molliet,
565 1326 618 1407 qui
641 1325 683 1388 ad
705 1333 911 1406 praeparatos
934 1331 1203 1406 expectantesque
1225 1321 1299 1386 nillil

75 1428 214 1492 adierunt
237 1431 331 1494 noui:
357 1431 473 1494 securis
496 1439 529 1494 et
551 1430 646 1496 beata
661 1439 785 1494 tantum
801 1430 1017 1512 spectantibus
1032 1449 1146 1512 graues
1161 1429 1297 1494 ueniunt
1315 1435 1337 1478 ¹⁰

76 1535 198 1598 morbus
223 1537 316 1612 enim,
340 1536 518 1618 captiuitas,
541 1537 642 1612 ruina,
666 1537 762 1618 ignis,
784 1535 859 1600 nibil
882 1534 997 1600 horum
1020 1535 1217 1617 repentinum
1241 1541 1297 1598 est.

50 1662 60 1714 i
76 1639 224 1716 sciebam,
257 1641 407 1724 inquam
431 1640 660 1705 tumultuosum
685 1661 737 1704 me
761 1641 998 1706 contubernium
1023 1649 1133 1704 natura
1150 1639 1298 1704 clusisset.

76 1750 184 1811 totiens
224 1747 256 1810 in
290 1749 400 1812 uicinia
431 1769 503 1812 mea
533 1747 767 1812 conclamatum
799 1757 855 1810 est.
900 1747 1017 1811 totiens
1047 1755 1173 1828 praeter
1203 1745 1298 1809 limen

6 1887 8 1928 3
77 1854 241 1917 immaturas
266 1855 416 1938 exequias
439 1854 493 1917 lax
516 1874 687 1938 cereusque
708 1856 887 1936 praecessit.
925 1873 1021 1936 saepe
1036 1874 1055 1916 a
1069 1853 1167 1916 latere
1184 1853 1299 1916 ruentis

6 1942 8 2022 1
77 1959 200 2024 aedilicii
228 1960 335 2043 lragor
361 1962 473 2024 sonuit.
520 1960 638 2024 multos
661 1962 777 2036 exiis,
805 1980 886 2043 quos
905 1960 1028 2036 torum,
1060 1961 1159 2035 curia,
1190 1978 1295 2022 sermo
1313 1968 1336 2008 ¹⁵

6 2125 8 2132 .
78 2085 193 2130 mecum
233 2075 452 2141 contraxerat,
491 2088 558 2130 nox
596 2067 724 2130 abstulit
760 2077 792 2130 et
825 2063 965 2152 [iunctas]
997 2065 1153 2152 sodalium
1185 2085 1297 2128 manus

7 2193 8 2230 1
79 2171 234 2253 copulatas
266 2173 453 2238 interscidit:
489 2175 582 2236 mirer
612 2173 653 2236 ad
685 2193 737 2236 me
768 2173 937 2256 aliquando
960 2171 1097 2255 pericula
1120 2171 1297 2245 accessisse,

6 2311 7 2322 ,
80 2299 152 2360 quae
174 2280 258 2342 circa
281 2299 333 2342 me
356 2300 483 2362 semper
506 2281 695 2344 errauerint?
731 2299 847 2360 magna
869 2299 943 2361 pars
957 2280 1120 2344 hominum
1137 2287 1193 2353 est,
1216 2295 1298 2359 quae

54 2386 258 2468 gnauigatura
295 2388 336 2449 de
366 2394 558 2468 tempestate
589 2406 653 2450 non
685 2387 812 2468 cogitat.
866 2406 1039 2468 numquam
1070 2405 1122 2448 me
1153 2386 1182 2448 in
1213 2384 1299 2446 bona
1397 2453 1405 2470 ·

81 2494 227 2556 sententia
251 2493 325 2558 mali
347 2493 477 2576 pudebit
501 2494 644 2558 auctoris.
691 2493 857 2569 Publilius,
881 2495 1006 2576 tragicis
1030 2493 1221 2575 comicisque
1244 2511 1296 2554 ue·
1313 2499 1338 2540 '²⁰

81 2597 251 2664 hementior
273 2601 411 2679 ingeniis
434 2603 580 2682 quotiens
604 2601 744 2663 mimicas
767 2600 899 2682 ineptias
922 2611 954 2664 et
970 2601 1067 2664 uerba
1082 2601 1124 2662 ad
1140 2619 1298 2662 summam

83 2723 203 2770 caueam
227 2709 403 2788 spectantia
426 2706 556 2790 reliquit,
580 2710 660 2770 inter
683 2706 782 2769 multa
805 2707 865 2770 alia
888 2705 1056 2781 cothurno,
1088 2726 1153 2768 non
1175 2715 1298 2794 tanturn

84 2809 187 2892 sipario
211 2812 350 2888 fortiora,
374 2821 406 2876 et
429 2812 491 2877 hoc
514 2813 594 2876 ait:¹

332 2924 421 2982 curicis
438 2925 531 3000 potest
551 2923 676 2982 accidere
698 2923 777 2998 quod
796 2923 928 2997 cuiquam
946 2929 1044 2999 potest.

86 3021 140 3086 hoc
168 3026 284 3108 siquis
308 3027 338 3088 in
362 3025 517 3089 medullas
540 3026 700 3090 demiserit
723 3035 756 3089 et
781 3027 886 3088 omnia
909 3025 1010 3089 aliena
1034 3024 1133 3102 mala,
1164 3045 1299 3106 quorum
1315 3031 1340 3072 '²⁵

86 3128 185 3210 ingens
209 3132 327 3196 cotidie
350 3135 443 3214 copia
465 3141 531 3210 est,
554 3137 599 3198 sic
622 3133 820 3214 adspexerit,
843 3141 1007 3213 tamquam
1031 3132 1162 3196 liberum
1186 3129 1244 3194 illis
1269 3140 1301 3195 et

59 3237 122 3302 sad
143 3258 175 3299 se
198 3239 257 3300 iter
279 3239 327 3315 sit,
352 3239 452 3302 multo
476 3248 550 3302 ante
572 3259 607 3302 se
630 3238 766 3301 armabit
789 3259 883 3320 quarn
907 3246 1041 3320 petatur.
1088 3257 1159 3300 sero
1179 3238 1301 3300 animus

87 3342 121 3402 ad
150 3343 356 3424 periculorum
388 3345 572 3426 patientiam
603 3353 679 3426 post
709 3344 849 3426 pericula
878 3345 1042 3408 instruitur.
1097 3363 1162 3405 non
1192 3345 1301 3425 putaui

88 3603 98 3654 1
122 3608 331 3657 conuulneraberis
439 3607 455 3660 5
481 3609 537 3657 uiuo
564 3605 665 3677 Neara:
687 3609 745 3658 uilio
853 3609 894 3673 qul
913 3609 972 3657 sciet
994 3605 1095 3677 Neapn
1115 3609 1194 3672 qscint

88 3695 101 3744 tl
123 3697 234 3762 quicquid
331 3697 382 3745 lieri
401 3693 499 3764 uulqor
520 3697 540 3745 si
561 3697 611 3745 fieri
709 3695 724 3748 9
750 3698 853 3762 impetus
949 3701 1093 3762 preparatos
1193 3694 1226 3746 10
1245 3710 1301 3764 pro

87 3786 242 3846 spectantibus
260 3781 350 3838 malt'm
370 3785 523 3852 sperantibus
624 3785 653 3836 11
681 3786 781 3835 morbus
800 3787 865 3834 enirn
884 3781 1047 3840 deteriores:
1068 3785 1150 3841 morb;
1171 3789 1206 3834 est
1302 3774 1312 3812 l
1336 3811 1340 3818 -

89 3869 117 3922 14
139 3871 276 3923 immaturas
383 3873 498 3940 precessit
608 3869 639 3924 16
664 3889 712 3922 nox
731 3873 789 3927 siue
808 3870 994 3939 additamento
1007 3887 1063 3943 pro
1083 3871 1212 3925 morteri
1229 3869 1301 3925 dian

90 3953 191 4025 Seneca,
209 3966 317 4016 secutus
335 3957 513 4030 est'Verqt'lt'i
528 3956 684 4044 eaqmplum
703 3961 768 4016 Aen.
790 3965 814 4026 6,
834 3959 882 4015 stt
909 3963 1045 4012 concordes
1069 3962 1166 4010 animae
1190 3977 1252 4010 nunc
1278 3965 1300 4010 et

89 4045 141 4096 dum
158 4055 228 4100 nocte
244 4058 384 4116 premuntur
521 4051 615 4099 iunctas
633 4047 746 4104 induxit
763 4048 849 4105 Hertz
963 4051 1086 4101 sodalium
1105 4046 1174 4112 cod„
1194 4063 1247 4102 non
1267 4050 1301 4098 ad

68 4159 217 4243 ¹sodalitium
309 4189 340 4244 17
365 4136 482 4260 copulatas
501 4189 561 4246 cod.
580 4194 691 4257 copiates
710 4189 825 4264 Maduiq
920 4207 984 4242 mer·
1011 4191 1114 4261 (μαναα
1133 4189 1201 4256 ros.)

90 4273 119 4326 19
137 4278 159 4326 in
176 4281 240 4330 bona
258 4281 376 4331 sententia
397 4277 494 4334 Gertz:
516 4281 541 4330 iu
559 4281 626 4330 bona
753 4280 787 4334 20
812 4281 929 4331 Publilius
948 4278 1057 4350 Haupt:
1078 4279 1175 4345 publius

90 4414 121 4467 22
139 4375 234 4487 reliquid,
321 4427 424 4472 coturno
514 4420 548 4474 26
568 4423 688 4486 aspexerit

1032 4505 1086 4559 14*
