3212 5326
471 351 551 396 mnu.
571 352 611 396 lll.
632 353 672 394 DE
692 353 743 394 1Rn
764 352 818 396 ΗΒ.
838 351 856 398 l.
875 355 894 394 d.
1256 357 1293 416 41

66 497 75 547 1
163 499 214 562 VL
263 497 351 580 Quid
382 503 480 580 ergo?
526 518 591 560 non
622 497 791 578 aliquando
830 499 994 579 castigatio
1028 498 1202 560 necessaria
1230 501 1297 559 est?
1362 575 1369 582 „

90 607 198 688 quidni?
245 606 301 667 sed
333 605 413 668 haec
442 605 509 666 sine
540 605 599 680 ira,
631 623 703 666 cum
735 605 864 667 ratione.
911 625 976 668 non
1008 605 1089 666 enim
1113 611 1216 678 nocet,
1240 605 1298 665 sed

90 714 218 776 medetur
240 712 345 794 specie
368 711 513 774 nocendi.
552 712 826 790 quemadmodum
846 713 1003 792 quaedam
1028 711 1148 773 hastilia
1171 712 1299 772 detorta
1363 782 1365 788 Α

89 831 116 881 ut
141 820 330 900 corrigamus
361 819 521 881 adurimus
553 826 584 880 et
615 819 734 880 adactis
760 818 865 880 cuneis
893 839 956 879 non
981 827 1015 880 ut
1038 817 1218 898 frangamus
1241 817 1299 878 sed

89 937 115 988 ut
142 924 333 1008 explicemus
364 924 524 1000 elidimus,
555 925 600 990 sic
630 924 752 1004 ingenia
784 924 859 986 uitio
891 945 989 1006 praua
1021 924 1132 986 dolore
1156 923 1324 1004 corporiss

64 1033 227 1114 animique
258 1031 452 1112 corrigimus.
506 1049 623 1112 nempe
668 1031 810 1092 medicus
848 1031 950 1112 primo
991 1031 1020 1094 in
1058 1030 1180 1092 leuibus
1219 1028 1299 1091 uitiis

88 1148 207 1221 temptat
229 1158 294 1200 non
319 1138 453 1201 multum
477 1157 520 1200 ex
544 1136 702 1199 cotidiana
726 1137 951 1200 consuetudine
975 1137 1134 1200 inflectere
1159 1148 1190 1198 et
1215 1136 1298 1209 cibis,

87 1245 260 1326 potionibus,
278 1245 559 1306 exercitationibus
574 1243 718 1305 ordinem
735 1243 886 1324 inponere
902 1263 940 1306 ac
956 1243 1159 1306 ualitudinem
1176 1252 1298 1304 tantum

87 1361 194 1414 mutata
217 1352 300 1414 uitae
325 1351 529 1432 dispositione
560 1348 692 1411 firmare.
739 1351 923 1430 proximum
947 1360 1003 1426 est,
1028 1358 1062 1412 ut
1086 1351 1201 1413 modus
1224 1369 1297 1430 pro-

87 1457 164 1521 ficiat.
207 1458 232 1520 si
256 1459 374 1520 modus
398 1466 429 1520 et
452 1458 534 1520 ordo
558 1475 622 1516 non
646 1455 786 1537 proficit,
814 1451 960 1518 subdircit
984 1456 1086 1538 aliqua
1110 1465 1142 1518 et
1165 1457 1296 1518 circum·
1316 1479 1338 1520 ιο

87 1565 156 1628 cidit.
199 1564 223 1626 si
246 1585 287 1626 ne
311 1562 374 1626 hoc
397 1564 525 1645 quidem
550 1563 739 1644 respondet,
770 1563 925 1626 interdicit
949 1562 1026 1625 cibis
1055 1572 1087 1625 et
1111 1563 1299 1625 abstinentia

87 1691 187 1752 corpus
218 1678 381 1732 exonerat.
427 1669 452 1732 si
476 1668 589 1732 frustra
612 1667 756 1731 molliora
780 1678 950 1745 cesserunt,
974 1669 1043 1732 serit
1067 1677 1181 1732 uenam
1198 1689 1296 1730 mem-

87 1777 205 1859 brisque,
228 1778 254 1838 si
270 1774 474 1838 adhaerentia
489 1787 606 1840 nocent
622 1786 653 1839 et
675 1779 821 1839 morbum
843 1775 1024 1838 diffundunt
1048 1797 1159 1838 manus
1183 1775 1295 1837 adfert:

63 1894 134 1945 lnec
162 1882 221 1945 ulla
250 1885 332 1945 dura
368 1883 492 1944 uidetur
515 1884 650 1959 curatio,
667 1883 673 1896 '
689 1883 774 1944 cuius
805 1882 947 1945 salutaris
979 1881 1111 1945 effectus
1149 1891 1205 1944 est.
1259 1885 1300 1943 ita

87 1988 179 2070 legum
215 1990 396 2070 praesidem
435 1989 630 2070 ciuitatisque
669 1997 826 2052 rectorem
859 1990 961 2066 decet,
999 1989 1149 2070 quamdiu
1183 1996 1299 2070 potest,
1318 2009 1339 2050 u

87 2097 176 2158 uerbis
212 2105 243 2158 et
282 2094 331 2159 his
371 2094 564 2158 mollioribus
603 2095 727 2176 ingenia
766 2115 883 2171 curare,
922 2106 955 2157 ut
986 2094 1131 2157 iacienda
1168 2096 1301 2156 suadeat

88 2202 340 2284 cupiditatemque
363 2200 488 2264 honesti
512 2213 544 2265 et
568 2203 658 2282 aequi
681 2201 825 2264 conciliet
849 2202 958 2263 animis
975 2201 1129 2282 faciatque
1153 2201 1299 2262 uitiorum

89 2310 188 2384 odium,
210 2310 348 2390 pretium
365 2309 542 2388 uirtutium3
569 2317 709 2371 transeat
726 2308 841 2370 deinde
864 2310 906 2370 ad
921 2307 1090 2370 tristiorem
1115 2307 1300 2377 orationem,

90 2434 139 2494 qua
165 2424 291 2477 moneat
324 2414 429 2477 adhuc
460 2425 492 2477 et
520 2414 711 2496 exprobret;
753 2415 922 2475 nouissime
953 2415 994 2475 ad
1022 2434 1142 2496 poenas
1174 2423 1206 2474 et
1243 2412 1301 2474 has

91 2520 178 2582 adhuc
198 2519 284 2583 leues
317 2529 349 2583 et
381 2520 576 2582 reuocabiles
608 2522 769 2594 decurrat;
810 2519 920 2581 ultima
951 2519 1101 2602 supplicia
1130 2518 1299 2582 sceleribus
1313 2539 1339 2580 20

92 2627 189 2690 ultimis
210 2636 326 2709 ponat,
360 2636 393 2688 ut
424 2647 519 2690 nemo
543 2637 667 2709 pereat,
696 2628 754 2688 nisi
777 2647 873 2706 quem
897 2627 998 2707 perire
1022 2627 1117 2688 etiam
1141 2625 1300 2708 pereuntis

64 2732 198 2796 lintersit.
233 2721 297 2796 ho'c
320 2753 384 2794 uno
405 2732 605 2796 medentibus
626 2734 683 2796 erit
707 2731 869 2807 dissimilis,
893 2733 981 2814 quod
1005 2732 1044 2794 illi
1065 2733 1177 2814 quibus
1202 2733 1299 2794 uitam

92 2858 142 2900 non
161 2847 329 2922 potuerunt
350 2838 456 2920 ,largiri
479 2839 601 2901 facilem
623 2840 745 2902 exitum
769 2847 939 2921 praestant,
963 2838 1013 2900 hic
1035 2841 1203 2900 damnatos
1227 2823 1318 2899 cum¹

94 2945 231 3009 dedecore
260 2955 292 3008 et
324 2945 522 3009 traductione
554 2947 618 3007 uita
656 2946 764 3026 exigit,
803 2966 868 3008 non
881 2945 972 3038 'quia
1007 2945 1182 3007 delectetur
1211 2942 1300 3006 ullius

93 3070 192 3130 poena,
222 3051 333 3135 procul
365 3061 413 3114 est
445 3053 529 3113 enim
560 3053 743 3132 asapiente
766 3063 832 3114 tam
853 3051 1024 3113 inhumana
1047 3050 1160 3126 feritas,
1184 3052 1242 3112 sed
1266 3059 1300 3112 ut
1315 3071 1340 3112 as

96 3158 301 3221 documentum
326 3159 468 3220 omnium
492 3159 561 3232 sint,
586 3165 618 3220 et
641 3159 713 3238 quia
734 3157 795 3219 uiui
819 3157 986 3219 noluerunt
1010 3159 1173 3240 prodesse,
1196 3166 1301 3219 morte

95 3273 162 3326 certe
198 3285 309 3327 eorum
348 3263 525 3346 respublica
563 3273 676 3326 utatur.
722 3285 787 3326 non
826 3272 874 3326 est
913 3285 991 3345 ergo
1022 3275 1135 3327 natura
1164 3262 1301 3325 hominis

94 3389 197 3448 poenae
219 3373 393 3452 adpetens:
421 3370 494 3433 ideo
518 3390 559 3431 ne
582 3371 626 3432 ira
642 3371 770 3450 quidem
794 3369 967 3432 secundum
985 3379 1130 3432 naturam
1154 3369 1300 3444 hominis,

70 3477 152 3554 tquia
183 3497 304 3559 poenae
336 3478 490 3559 adpetens
518 3485 574 3538 est.
627 3484 659 3538 et
697 3474 835 3539 Platonis
874 3487 1096 3557 argumentum
1136 3475 1297 3539 adseram:

95 3581 156 3660 quid
180 3584 260 3645 enim
284 3591 379 3645 nocet
402 3582 508 3644 alienis
531 3584 575 3645 uti
598 3603 640 3644 ex
664 3592 754 3664 parte
776 3603 839 3664 qua
861 3592 970 3645 nostra
992 3587 1098 3670 sunti
1118 3582 1177 3644 Vir
1191 3583 1296 3660 bonus,
1313 3609 1339 3648 uo

95 3684 182 3767 inquit,
204 3710 263 3751 non
287 3688 397 3752 laedit.
438 3698 544 3769 poena
569 3688 677 3754 laedit.
715 3689 802 3751 dono
825 3709 901 3768 ergo
922 3698 1027 3769 poena
1058 3665 1119 3752 noir
1151 3689 1298 3751 conuenit

97 3835 286 3850 5—-

97 3931 167 3983 tsine
187 3937 222 3985 ira
242 3933 340 3989 Gertz:
361 3939 455 3986 sincera
587 3933 603 3987 8
624 3937 818 3986 acualeludinem
887 3903 893 3912 ·
949 3936 978 4004 ll
1001 3937 1048 3985 hoc
1069 3933 1197 4004 Madlu'p:
1220 3935 1301 3983 adhoc

98 4071 174 4134 (adbuc
190 4075 240 4144 m)
384 4077 416 4128 'lli
435 4035 526 4129 uirtultl
547 4077 566 4144 (i
585 4091 619 4132 m.
635 4091 682 4146 pr.
701 4084 731 4130 ut
750 4075 869 4143 uidetur)
998 4077 1031 4130 19
1051 4079 1160 4142 adpenas

98 4159 125 4211 20
139 4165 161 4212 ul
182 4167 238 4215 tima
255 4167 274 4231 (l
292 4164 375 4232 corr.)
501 4165 534 4218 23
554 4167 685 4215 damnatos
703 4163 829 4219 Fickert:
851 4169 936 4224 dinan
1075 4165 1108 4218 24
1128 4168 1179 4216 uitri
1200 4164 1301 4232 (utrum

100 4243 182 4304 lineola
198 4267 276 4320 mareu
291 4269 338 4323 pr.
358 4269 393 4306 au
412 4251 458 4307 ult.
479 4251 575 4306 additu
594 4253 636 4318 sit,
656 4254 799 4321 incertum)
908 4255 941 4308 2u
961 4261 984 4305 et
1003 4256 1045 4319 qui
1064 4256 1114 4334 uiui
1126 4251 1258 4316 Muretus,
1278 4259 1322 4302 et.

103 4354 148 4414 qula
163 4358 207 4407 uiui
225 4358 327 4430 Haupt:
349 4361 431 4425 etqui
450 4361 523 4410 alicui
631 4359 665 4412 28
685 4363 711 4412 et
729 4360 762 4414 29
781 4378 844 4426 pene
955 4361 988 4415 29
1009 4342 1095 4426 adfers,
1114 4359 1136 4425 (f
1152 4357 1299 4428 superscr.)
1400 4391 1406 4404 ·

192 4445 347 4498 3tn0n1edit
454 4464 518 4513 pena
536 4450 595 4512 ledit
703 4465 767 4513 pena
787 4453 812 4502 el
830 4449 871 4502 sic
887 4464 995 4519 semper
