3212 5318
303 346 366 409 230
515 343 594 384 DlAL.
605 343 633 386 ll.
663 345 704 384 AD
719 343 873 386 PAVLlNVM
889 345 929 385 DE
944 345 1113 386 BREVlTATE
1127 345 1224 386 VlTAE.
1245 347 1272 426 ι8.
1288 348 1308 388 9.

301 499 410 571 posset
440 491 711 570 quemadmodum
740 492 980 571 praeteritorum
1012 511 1165 578 annorum
1197 492 1345 571 cuiusque
1375 507 1524 549 numerus

300 597 444 677 proponi,
468 598 512 658 sic
535 596 728 659 futurorum:
755 600 921 678 quomodo
945 599 1001 673 illi,
1033 600 1085 678 qui
1108 617 1227 678 paucos
1250 599 1393 678 uiderent
1416 613 1523 676 super-

302 723 379 778 esse,
403 703 605 784 trepidarent,
628 691 795 784 quomodo
820 704 876 766 illis
899 709 1084 786 parcerent?
1120 705 1206 785 atqui
1231 703 1319 765 facile
1342 712 1391 764 est
1414 720 1525 782 quam-

302 811 349 870 uis
380 811 530 890 exiguum
561 811 757 890 dispensare,
788 813 876 891 quod
900 821 1020 873 certum
1043 820 1110 873 est:
1144 812 1175 872 id
1199 811 1296 871 debet
1319 809 1436 871 seruari
1463 807 1525 869 dili-

276 917 436 997 rgentius,
459 917 546 996 quod
570 917 690 978 nescias
713 918 842 997 qnando
867 917 1000 980 deficiat.
1038 937 1096 979 nec
1120 925 1167 978 est
1190 927 1304 992 tamen,
1328 917 1417 996 quod
1433 923 1557 995 putesl

302 1021 371 1084 illos
394 1023 549 1102 ignorare,
572 1043 667 1103 quam
693 1043 765 1086 cara
786 1045 835 1086 res
852 1027 906 1086 sit:
933 1026 1037 1087 dicere
1053 1024 1157 1086 solent
1174 1025 1225 1097 ei5,
1249 1043 1330 1104 quos
1347 1021 1528 1082 ualdissime

303 1128 452 1208 diligunt,
492 1138 619 1209 paratos
657 1151 692 1192 se
728 1142 851 1211 partem
882 1151 1036 1193 annorum
1068 1149 1196 1192 suorum
1230 1132 1315 1191 dare.
1361 1129 1440 1190 dant
1474 1147 1530 1187 nec

302 1234 505 1315 intellegunt:
540 1237 617 1298 dant
649 1247 755 1298 autem
787 1238 845 1312 ita,
875 1247 909 1299 ut
931 1239 998 1299 sine
1021 1235 1145 1300 illorum
1169 1239 1365 1298 incremento
1388 1227 1451 1295 sibi
1476 1234 1527 1293 de-

303 1341 430 1404 trahant
470 1343 526 1402 sed
550 1341 612 1404 hoc
635 1343 746 1422 ipsum,
771 1346 854 1405 unde
878 1344 1054 1417 detrahant,
1079 1344 1227 1404 nesciunt.
1260 1341 1333 1403 ideo
1356 1338 1529 1402 tolerabilis

266 1458 352 1509 uest
384 1447 441 1509 illis
471 1449 589 1510 iactura
619 1450 798 1512 detrimenti
821 1450 952 1512 latentis.
999 1470 1094 1513 nemo
1118 1450 1260 1512 restituet
1283 1467 1400 1521 annos,
1433 1461 1558 1511 nemost

303 1554 415 1639 iterum
446 1563 479 1616 te
507 1555 564 1617 tibi
588 1557 707 1618 reddet.
754 1557 825 1630 ibit,
857 1577 920 1637 qua
943 1558 1063 1638 coepit,
1095 1566 1183 1618 aetas
1205 1576 1264 1617 nec
1287 1575 1414 1616 cursum
1440 1572 1528 1613 suum

303 1670 357 1722 aut
380 1659 542 1723 reuocabit
565 1671 619 1724 aut
642 1663 825 1743 supprimet.
871 1663 943 1724 nihil
967 1663 1221 1736 tumultuabitur,
1245 1661 1319 1723 nihil
1343 1659 1531 1722 admonebit

303 1766 477 1830 uelocitatis
507 1787 600 1829 suae:
636 1770 730 1830 tacita
761 1769 890 1832 labetur.
937 1790 1001 1831 non
1032 1770 1083 1830 illa
1113 1791 1147 1830 se
1179 1769 1261 1849 regis
1285 1769 1435 1848 imperi0,
1468 1785 1529 1826 non

303 1872 412 1936 fauore
435 1873 544 1954 populi
567 1874 690 1955 longius
713 1875 868 1956 proferet:
896 1877 975 1937 sicut
998 1877 1092 1938 missa
1108 1884 1155 1937 est
1172 1876 1310 1957 aprimo
1334 1875 1394 1946 die,
1420 1881 1529 1933 curret.

267 2000 459 2060 unusquam
485 1982 675 2056 deuertetur,
699 2002 853 2062 nusquam
869 1982 1086 2046 remorabitur.
1118 1983 1194 2063 quid
1211 1981 1283 2042 fiet?
1307 1989 1342 2042 tu
1358 1987 1530 2060 occupatus

304 2107 346 2161 eS,
371 2088 435 2148 uita
450 2085 590 2149 festinat:
618 2108 704 2149 mors
720 2089 843 2150 interim
859 2090 968 2164 aderit,
992 2091 1048 2163 cui,
1073 2089 1149 2150 uelis
1165 2089 1254 2162 noliS,
1279 2088 1461 2148 uacandum
1477 2093 1529 2144 est

349 2277 351 2283 Α
393 2192 447 2254 ΙΧ.
480 2193 631 2255 Potestne
654 2195 820 2275 quicquam
845 2198 999 2257 amentius
1023 2195 1188 2257 hominum
1221 2215 1332 2256 eorum
1364 2193 1428 2254 dici
1458 2192 1558 2264 oti0,1

304 2301 356 2381 qui
379 2300 579 2381 prudentiam
602 2301 737 2363 iactant?
777 2303 940 2382 operosius
964 2304 1109 2382 occupati
1125 2311 1206 2377 sunt,
1230 2310 1265 2363 ut
1280 2299 1394 2361 melius
1411 2298 1530 2379 possint

305 2407 418 2479 uiuere,
442 2407 589 2485 inpendio
614 2409 696 2468 uitae
719 2409 816 2468 uitam
840 2408 1014 2494 instruunt,
1028 2409 1238 2489 cogitationes
1262 2399 1335 2470 suas
1352 2410 1384 2468 in
1401 2406 1529 2485 longum

265 2529 291 2569 tu
306 2513 462 2572 ordinant.
509 2513 649 2596 maxima
679 2533 775 2592 porro
805 2516 889 2575 uitae
918 2515 1036 2576 iactura
1067 2515 1175 2576 dilatio
1207 2524 1274 2576 est:
1313 2513 1366 2576 illa
1396 2515 1531 2594 primum

262 2605 263 2610 ἵ
305 2635 464 2697 quemque
480 2617 617 2678 extrahit
633 2619 725 2694 diem,
742 2619 794 2681 illa
809 2621 900 2700 eripit
915 2623 1099 2702 praesentia,
1117 2623 1194 2682 dum
1206 2619 1359 2683 ulteriora
1369 2619 1531 2699 promittit.

307 2706 482 2786 maximum
515 2724 638 2786 uiuendi
666 2726 914 2806 inpedimentum
938 2737 987 2788 est
1011 2728 1210 2807 expectati0,
1242 2747 1324 2807 quae
1348 2725 1469 2806 pendet
1490 2743 1530 2783 ex

307 2831 459 2905 crastin0,
487 2831 590 2910 perdit
618 2830 823 2894 hodiernum:
858 2835 945 2913 quod
969 2835 999 2894 in
1023 2854 1118 2895 manu
1142 2832 1288 2896 fortunae
1312 2833 1454 2912 positum
1476 2838 1531 2903 est,

307 2939 461 3016 disponis,
492 2939 580 3017 quod
611 2939 641 2997 in
672 2945 741 3011 tua,
772 2939 910 3001 dimittis.
956 2961 1020 3021 quo
1043 2948 1186 3022 spectas,
1218 2961 1283 3020 quo
1307 2948 1340 3001 te
1365 2937 1530 3000 extendis'?

267 3059 292 3098 25
308 3043 414 3103 omnia
437 3063 518 3123 quae
541 3052 672 3104 uentura
695 3054 775 3119 sunt,
798 3045 829 3106 in
844 3047 964 3108 incerto
984 3049 1105 3108 iacent:
1132 3047 1276 3125 protinus
1293 3048 1374 3108 uiue.
1421 3044 1562 3106 clamat?

309 3167 382 3208 ecce
418 3149 576 3209 maximus
613 3159 699 3210 uates
737 3160 769 3213 et
805 3151 889 3214 uelut
929 3154 1035 3214 diuino
1066 3151 1172 3215 lurore
1202 3153 1370 3214 instinctus
1401 3149 1532 3212 salutare

309 3272 435 3313 carmen
459 3256 563 3315 canit:

543 3365 653 3438 'optzina
677 3385 803 3439 quaeque
825 3367 882 3423 dics
905 3369 1014 3425 miseris
1038 3369 1205 3426 mortalibus
1229 3369 1296 3425 aeui

541 3471 639 3542 prima
653 3472 744 3546 fugit.

270 3585 295 3622 ³0
309 3569 384 3650 quid
408 3572 577 3646 cunctaris,
609 3575 715 3653 inquit,
739 3575 815 3654 quid
838 3581 962 3638 cessas?
1002 3580 1059 3639 nisi
1084 3599 1239 3657 occupas,
1271 3577 1362 3658 fugit.
1410 3583 1532 3635 etcum

311 3812 326 3862 ll
352 3814 481 3860 detrahant
505 3813 543 3878 (in
562 3830 648 3882 marp.
668 3831 702 3871 m.
722 3821 737 3868 2
756 3821 799 3868 sed
818 3821 843 3867 hi
863 3821 941 3884 ipsum
962 3823 1135 3885 andetrahant)
1271 3824 1338 3872 unde
1357 3819 1480 3888 Modm'q:
1503 3834 1531 3864 an

387 3901 544 3956 tollerabilis
641 3903 674 3954 12
698 3907 821 3968 suprimet.
919 3911 1065 3958 admonebit
1084 3907 1250 3962 deteriores:
1274 3913 1308 3958 ad
1329 3911 1439 3960 mouebit

313 3985 345 4038 13
370 4003 396 4035 se
415 3988 479 4050 regis
498 3985 525 4038 Ε
532 3990 553 4036 ⁴:
574 3991 662 4052 seregit
759 3994 791 4044 ‘li
816 3997 946 4059 quicquam
966 3999 1085 4046 amentius
1107 3996 1204 4050 Gertz:
1226 3999 1338 4062 quicqua}
1357 4015 1438 4048 sensus
1500 4030 1504 4038 ·

311 4075 417 4125 homiul'l
438 4075 508 4140 (bom
527 4075 554 4125 in
573 4078 640 4141 ras.)
731 4082 780 4129 dici
799 4083 849 4130 otio
870 4081 959 4136 Koch:
981 4087 1038 4134 dico
1131 4085 1164 4138 18
1190 4087 1302 4136 iactant?
1322 4087 1362 4139 ita
1380 4081 1543 4154 inlerptmoei‘

401 4161 434 4214 23
460 4163 540 4226 perdit
554 4179 622 4226 lmus
635 4163 812 4220 deleriorum:
834 4173 891 4234 pdis
981 4171 1263 4240 esturnellorum:
1284 4191 1331 4226 ore
1344 4172 1405 4228 cod.
1418 4171 1452 4242 cf.
1466 4172 1524 4231 191¹

313 4246 359 4298 ubi
376 4247 466 4300 codex
484 4247 564 4302 labet
583 4268 625 4299 ore
643 4267 694 4321 pro
713 4256 829 4322 humore,
846 4267 991 4326 praeterea
1007 4259 1065 4314 Vae.
1085 4259 1166 4314 Mox.
1185 4267 1213 4325 u,
1228 4268 1253 4325 2,
1269 4265 1284 4314 3
1306 4267 1392 4315 contio
1411 4259 1526 4312 tribunicio

313 4338 393 4385 sumre
411 4338 525 4385 instincta
627 4339 660 4392 28
683 4344 743 4390 eui*
763 4345 863 4413 (parua
882 4351 948 4413 ras.)
1051 4351 1085 4400 30
1104 4352 1149 4415 iqt.
1168 4353 1203 4416 qd
1224 4353 1332 4418 (omina
1345 4354 1372 4406 in
1386 4351 1451 4416 ras.)

315 4423 383 4484 sugit.
402 4425 461 4486 quid
479 4427 599 4494 cunctaris
619 4428 701 4492 inquid
713 4432 771 4494 quid
785 4449 863 4484 cessas
876 4438 1071 4504 (praeterfugit
1085 4436 1158 4492 linea
1172 4429 1450 4505 transuersa'delelu)
