3184 5318
274 319 336 380 196
453 311 532 356 DlllL.
548 311 588 354 lX.
616 311 658 352 AD
673 308 1263 362 sensum-DETRANQV1LL1TATMN1M1.
1290 310 1311 352 2.

179 495 184 504 ·
270 455 352 520 hanc
388 453 534 519 stabilem
569 455 665 518 animi
698 454 810 516 sedem
841 451 953 517 Graeci
988 447 1159 534 εὐθυμίαν
1193 464 1324 530 uocant,
1358 457 1396 519 de
1422 478 1474 538 qua
1570 469 1572 510 i

270 563 444 625 Democriti
473 560 622 624 uolumen
645 562 808 642 egregium
831 567 889 622 est
934 579 997 640 ego
1020 549 1277 642 tranquillitatem
1301 581 1385 624 uoco.
1426 584 1474 626 nec

271 669 354 732 enim
385 669 498 732 imitari
529 676 562 730 et
584 666 752 730 transferre
779 665 877 728 uerba
899 666 941 728 ad
965 665 1088 728 illorum
1112 666 1249 730 iormam
1272 688 1396 730 necesse
1416 679 1472 733 est:

270 796 321 838 res
343 776 419 856 ipsa,
443 774 484 836 de
506 794 570 854 qua
592 774 701 854 agitur,
725 773 830 853 aliquo
854 773 1009 852 signanda
1030 775 1160 836 nomine
1176 782 1232 849 est,
1255 775 1341 856 quod
1356 775 1474 857 adpella-

244 884 362 945 ationis
385 879 527 944 Graecae
557 881 620 942 uim
653 879 751 942 debet
781 878 916 954 habere,
946 899 1011 942 non
1041 878 1162 942 faciem.
1208 900 1286 962 ergo
1310 881 1501 963 quaerimus,l

270 988 435 1068 quomodo
458 987 579 1048 animus
602 1005 728 1066 semper
750 984 871 1066 aequali
886 987 1091 1066 secundoque
1107 1006 1199 1048 cursu
1214 996 1267 1048 eat
1281 989 1476 1068 propitiusque

270 1094 329 1158 sibi
359 1095 399 1156 sit
429 1102 463 1154 et
492 1113 549 1156 sua
578 1091 677 1154 laetus
701 1092 855 1174 adspiciat
878 1100 910 1153 et
927 1090 996 1154 'hoc
1018 1092 1170 1174 gaudium
1194 1096 1476 1175 non’interrumpat,

270 1201 328 1262 sed
350 1198 475 1280 placido
498 1207 582 1260 statu
605 1205 732 1260 maneat
754 1217 813 1259 nec
828 1196 986 1260 adtollens
1001 1217 1037 1259 se
1052 1217 1205 1279 umquam
1220 1217 1280 1260 nec
1295 1199 1475 1281 deprimens:

271 1306 304 1367 id
326 1303 532 1386 tranquillitas
555 1305 623 1367 erit.
668 1302 833 1384 quomodo
857 1304 899 1365 ad
921 1301 1002 1366 hanc
1024 1305 1179 1385 perueniri
1193 1307 1304 1385 possit,
1327 1307 1358 1367 in
1372 1308 1478 1368 uniuer-

233 1426 256 1466 ιο
271 1429 341 1474 sum
372 1429 579 1491 quaeramus:
612 1428 719 1470 sumes
749 1416 785 1470 tu
814 1427 857 1469 ex
887 1407 1015 1489 publico
1047 1409 1191 1472 remedio
1219 1373 1371 1489 quairtum
1397 1410 1479 1474 uoles.

270 1524 375 1578 totum
390 1518 514 1578 interim
530 1517 638 1577 uitium
654 1516 685 1576 in
702 1515 842 1598 medium
858 1512 1107 1594 protrahendum
1124 1523 1182 1590 est,
1207 1535 1250 1577 ex
1266 1535 1331 1596 quo
1346 1525 1506 1597 agnoscere

270 1625 403 1703 quisque
433 1630 557 1702 partem
580 1640 680 1682 suam.
725 1619 817 1681 simul
840 1629 875 1681 tu
897 1618 1077 1700 intelleges,
1107 1629 1229 1701 quanto
1253 1624 1355 1684 minus
1376 1623 1481 1701 negotii

270 1727 389 1790 habeas
412 1747 484 1788 cum
507 1725 634 1789 fastidio
658 1727 702 1788 tui
725 1746 821 1806 quam
845 1725 885 1799 hi,
909 1746 990 1806 quos
1013 1727 1056 1788 ad
1075 1726 1304 1807 professionem
1320 1730 1481 1809 speciosam

271 1833 427 1914 adligatos
451 1842 484 1894 et
505 1831 564 1894 sub
588 1833 705 1913 ingenti
727 1831 820 1895 titulo
844 1832 1016 1894 laborantis
1038 1836 1070 1894 in
1093 1853 1150 1896 sua
1172 1833 1370 1896 simulatione
1391 1834 1482 1915 pudor

235 1958 257 1996 n
273 1942 374 2020 magis
404 1958 497 2019 quam
529 1937 674 2000 uoluntas
704 1947 800 2000 tenet.
847 1959 959 2001 omnes
981 1941 1012 2000 in
1035 1940 1149 2001 eadem
1173 1960 1267 2004 causa
1290 1949 1378 2015 sunt,
1407 1939 1508 2001 ethii

271 2049 322 2128 qui
354 2044 481 2108 leuitate
512 2053 668 2108 uexantur
698 2065 735 2106 ac
765 2045 872 2106 taedio
903 2047 1099 2127 adsiduaque
1131 2050 1306 2110 mutatione
1333 2047 1482 2129 propositi,

270 2153 383 2234 quibus
406 2171 534 2233 semper
557 2154 658 2232 magis
681 2150 786 2232 placet
809 2151 897 2232 quod
921 2137 1120 2232 reliquerunt,
1145 2162 1176 2214 et
1199 2152 1255 2228 illi,
1279 2156 1333 2234 qui
1356 2161 1483 2215 marcent

271 2269 304 2322 et
335 2262 517 2322 oscitantur.
563 2259 653 2320 adice
687 2277 761 2332 eos,
798 2261 850 2338 qui
881 2279 947 2321 non
975 2257 1065 2321 aliter
1095 2278 1192 2339 quam
1223 2259 1336 2340 quibus
1367 2257 1485 2322 difficilis

270 2387 401 2430 somnus
424 2373 480 2441 est,
504 2373 630 2426 uersant
652 2384 688 2426 se
711 2373 743 2426 et
766 2364 829 2426 hoc
851 2373 947 2444 atque
970 2363 1024 2426 illo
1047 2366 1147 2426 modo
1170 2375 1372 2446 conponunt,
1395 2367 1484 2428 donec

230 2477 409 2556 requietem
426 2471 608 2535 lassitudine
622 2471 796 2532 inueniant:
822 2480 941 2533 statum
957 2472 1040 2533 uitae
1056 2491 1132 2534 suae
1148 2470 1350 2534 reformando
1364 2471 1485 2534 subinde

257 2583 302 2642 in
332 2600 371 2642 eo
403 2581 573 2642 nouissime
604 2587 734 2639 manent
764 2578 794 2638 in
824 2597 889 2658 quo
924 2577 994 2640 illos
1025 2599 1090 2640 non
1113 2580 1257 2642 mutandi
1279 2581 1407 2654 odium,
1436 2577 1484 2638 sed

270 2695 417 2750 senectus
448 2687 490 2747 ad
521 2686 705 2746 nouandum
737 2686 827 2765 pigra
849 2685 1026 2764 deprendit.
1072 2685 1163 2746 adice
1185 2693 1219 2746 et
1241 2683 1327 2759 illos,
1358 2687 1485 2765 quinon

271 2794 468 2857 constantiae
484 2790 639 2855 beneficio
655 2810 767 2873 parum
790 2789 876 2854 leues
899 2800 981 2865 sunt,
1004 2792 1062 2852 sed
1085 2791 1221 2865 inertiae,
1245 2799 1278 2852 et
1301 2793 1412 2853 uiuont
1430 2809 1485 2850 non

270 2900 435 2982 quomodo
459 2898 578 2974 uolunt,
601 2898 657 2960 sed
680 2898 847 2978 quomodo
871 2905 1052 2978 coeperunt.
1090 2897 1335 2960 innumerabiles
1350 2898 1511 2976 deinceps?

231 3023 257 3063 ²⁵
272 3008 482 3088 proprietates
505 3013 586 3079 sunt,
609 3006 667 3066 sed
691 3024 770 3066 unus
794 3003 923 3065 effectus
947 3006 1020 3078 uitii,
1044 3004 1103 3065 sibi
1119 3003 1291 3084 displicere.
1323 3003 1387 3067 hoc
1402 3004 1487 3065 oritur

271 3113 312 3174 ab
335 3111 521 3192 intemperie
544 3113 639 3174 animi
667 3119 699 3174 et
723 3110 944 3190 cupiditatibus
968 3111 1086 3172 timidis
1109 3121 1163 3171 aut
1185 3130 1298 3190 parum
1319 3110 1484 3190 prosperis:

272 3218 325 3281 ubi
348 3227 403 3280 aut
426 3237 490 3278 non
514 3217 640 3291 audent,
663 3225 816 3296 quantum
840 3217 1073 3297 concupiscunt,
1098 3226 1240 3278 autnon
1265 3223 1487 3298 consequuntur

271 3335 304 3388 et
334 3325 365 3386 in
395 3343 486 3406 spem
516 3326 577 3386 toti
607 3324 797 3405 prominent.
842 3341 968 3403 semper
998 3321 1159 3384 instabiles
1191 3321 1391 3402 mobilesque
1417 3327 1486 3391 sunt,

273 3518 448 3582 leuthymian
539 3516 680 3569 iliormam
695 3507 858 3568 deteriores:
880 3516 960 3566 forma
1049 3515 1258 3580 4appellutionis
1342 3515 1487 3580 5querimus

361 3603 491 3670 Gaequali
511 3604 637 3674 Le'pse'us:
659 3605 752 3669 equalis
842 3603 981 3668 7aspiciat
1073 3603 1104 3655 13
1124 3606 1150 3652 hi
1170 3603 1197 3669 (h
1216 3603 1300 3670 corr.)
1397 3603 1425 3655 14
1443 3601 1486 3649 alli·

269 3704 341 3762 gatos
434 3693 466 3748 19
485 3701 635 3760 componunt
735 3693 769 3745 20
788 3693 946 3742 reformando
959 3689 1051 3746 Koch:
1072 3693 1203 3742 formando
1224 3690 1283 3746 cod.
1302 3690 1430 3764 eiuulqo,
1446 3685 1488 3741 seri

270 3785 486 3838 mutatiotiones
509 3782 663 3836 necessario
688 3779 870 3852 siqnificanda
894 3791 953 3834 erat
1061 3781 1095 3834 22
1120 3783 1238 3833 nouanda
1258 3787 1288 3844 (1'1
1307 3785 1392 3840 corr.)

271 3875 304 3927 ‘23
333 3875 485 3923 constantiae
509 3873 631 3921 beneficio
652 3869 743 3923 Koch:
765 3872 918 3920 constantiae
936 3871 995 3919 uitio
1021 3868 1081 3922 cod.
1101 3868 1177 3938 quod
1193 3886 1358 3939 quaeriquam
1377 3864 1488 3936 defendit

199 3971 212 3982 ·
270 3959 394 4031 Maduiq.
421 3959 543 4030 equidem
567 3976 621 4012 rien
640 3973 754 4028 possum
773 3974 827 4012 non
844 3973 964 4028 prorsus
981 3951 1158 4012 intolerabile
1170 3963 1197 4011 et
1215 3957 1415 4027 discrepantiae
1432 3953 1487 4008 uilio

271 4050 450 4102 reiectaneum
484 4045 598 4109 ducere,
626 4063 686 4099 cum
714 4045 869 4114 berrefieium
896 4062 950 4100 non
976 4046 1064 4100 minus
1087 4047 1201 4100 r'nertiae
1225 4063 1307 4116 quam
1333 4042 1488 4100 constantiae

271 4136 422 4196 conueniat,
442 4134 472 4187 id
489 4135 563 4204 quod
581 4133 716 4187 luculento
735 4132 860 4202 exemplo
874 4134 1013 4204 probatur
1032 4133 1108 4204 apud
1129 4133 1187 4188 Vel.
1208 4131 1289 4190 Mure.
1303 4141 1328 4200 5,
1344 4141 1368 4197 5,
1381 4138 1395 4186 l
1409 4132 1487 4182 licebat

271 4226 425 4287 ignorantiae
443 4224 565 4273 beneficio
585 4223 708 4272 innocenti
727 4223 821 4278 uiuere;
842 4221 878 4291 cs,
891 4228 1038 4292 praeterea
1053 4221 1115 4276 Son,
1136 4221 1170 4276 de
1188 4223 1232 4276 ira
1251 4227 1276 4285 3,
1297 4227 1321 4290 2,
1343 4225 1354 4274 1
1377 4219 1486 4271 beneficio

272 4313 401 4376 egestatis3
422 4309 456 4363 de
474 4310 517 4362 ira
531 4315 555 4372 1,
569 4313 621 4371 ΒΛ
642 4310 743 4358 rationis
762 4310 899 4368 beneficio;
921 4310 959 4364 ad
977 4309 1064 4364 Mare,
1079 4316 1103 4373 2,
1118 4315 1142 4374 5,
1164 4314 1175 4363 l
1197 4313 1282 4361 mortis
1301 4311 1421 4361 beneficio

271 4400 377 4462 inertie*
454 4401 537 4447 uiuunt
550 4400 575 4463 (u
588 4402 679 4451 anien
692 4397 800 4461 iteras.)
874 4399 907 4451 24
926 4410 1040 4466 ceperunt
1112 4400 1146 4452 28
1159 4401 1285 4450 instabiles
1298 4401 1330 4468 (st
1343 4399 1424 4464 corr.)
