3186 5322
288 339 329 400 86
667 333 745 376 mar..
762 334 788 378 V.
817 335 857 375 DE
872 335 922 376 IRA
938 334 993 378 ΗΒ.
1009 335 1049 378 111.
1081 339 1132 379 Η.

268 478 344 542 alia
367 479 590 542 inreuocabilia
612 489 694 552 sunt,
717 481 790 561 quia
812 501 876 542 non
897 491 981 556 eunt,
1004 483 1062 544 sed
1078 484 1204 556 cadunt,
1227 481 1291 543 uim
1308 501 1393 544 suam
1404 484 1495 563 'magis

283 606 321 649 ac
345 587 446 666 magis
470 586 612 648 intendit.
658 585 718 649 alia
746 589 818 650 uitia
849 609 869 650 a
892 589 1029 664 ratione,
1061 588 1124 650 hoc
1153 610 1173 650 a
1203 589 1338 651 sanitate
1361 589 1495 650 desciscit.
1510 604 1521 651 ἵ)

283 691 343 754 alia
366 712 511 754 accessus
534 693 621 756 lenes
644 693 763 756 habent
780 703 812 757 et
835 695 1029 758 incrementa
1044 694 1198 758 fallentia:
1225 696 1256 757 in
1280 695 1358 757 iram
1374 696 1496 756 deiectus

283 799 461 861 animorum
486 809 542 862 est.
589 799 672 862 nulla
696 802 801 883 itaque
824 821 874 862 res
898 810 991 882 urget
1019 803 1121 883 magis
1152 803 1286 864 attonita
1317 812 1349 863 et
1378 802 1408 862 in
1429 803 1496 863 uires

246 928 258 966 a
285 925 358 967 suas
381 926 482 987 prona
505 916 537 969 et
560 907 626 968 siue
649 908 814 982 successit,
843 909 995 990 superba,
1019 910 1085 971 siue
1109 908 1284 982 frustratur,
1312 909 1425 970 insana.
1464 929 1497 970 ne

282 1011 408 1093 repulsa
431 1013 559 1095 quidem
583 1015 613 1074 in
637 1015 776 1076 taedium
801 1023 880 1088 acta,
905 1014 957 1076 ubi
981 1015 1195 1076 aduersarium
1211 1013 1338 1077 fortuna
1352 1015 1497 1086 subduxit,

282 1118 313 1178 in
336 1139 371 1180 se
393 1120 462 1201 ipsa
493 1139 617 1181 morsus
648 1140 723 1182 suos
754 1121 856 1184 uertit.
902 1141 961 1184 nec
989 1121 1097 1198 refert,
1129 1131 1281 1203 quantum
1312 1122 1352 1183 sit
1383 1141 1423 1183 ex
1444 1141 1498 1202 quo

282 1226 453 1287 surrexerit
508 1245 547 1288 ex
572 1226 735 1288 leuissimis
758 1229 841 1288 enim
865 1229 896 1289 in
920 1229 1059 1290 maxima
1082 1229 1196 1290 euadit.

371 1333 408 1394 ll.
447 1331 575 1394 Nullam
604 1334 714 1395 transit
745 1343 901 1408 aetatem,
929 1334 1048 1397 nullum
1072 1334 1237 1396 hominum
1261 1354 1362 1414 genus
1386 1334 1523 1415 excipitl

244 1457 268 1497 ro
282 1441 441 1522 quaedam
457 1449 569 1520 gentes
587 1440 740 1502 beneficio
758 1443 907 1522 egestatis
923 1463 986 1503 non
1004 1462 1121 1503 nouere
1144 1441 1309 1502 luxuriam.
1346 1441 1499 1520 quaedam,

283 1547 355 1627 quia
380 1547 538 1608 exercitae
567 1555 599 1608 et
627 1567 728 1627 uagae
752 1558 839 1622 sunt,
869 1548 1006 1629 effugere
1031 1549 1197 1629 pigritiam.
1236 1546 1349 1627 quibus
1380 1547 1499 1608 incultus

283 1673 354 1713 mos
386 1653 581 1733 agrestisque
613 1653 677 1714 uita
707 1663 771 1727 est,
807 1654 1052 1736 circumscriptio
1083 1655 1194 1734 ignota
1225 1661 1273 1714 est
1305 1662 1338 1714 et
1370 1651 1449 1714 fraus
1473 1662 1502 1738 et

282 1760 508 1840 quodcumque
540 1759 570 1820 in
601 1758 672 1820 foro
697 1759 814 1821 malum
838 1761 990 1822 nascitur:
1025 1759 1110 1822 nulla
1131 1779 1209 1840 gens
1233 1768 1296 1830 est,
1328 1780 1423 1842 quam
1445 1780 1499 1820 non

283 1866 327 1926 ira
350 1865 493 1945 instiget,
522 1875 588 1926 tam
621 1867 700 1928 inter
723 1864 836 1928 Graios
867 1887 963 1948 quam
991 1868 1071 1928 inter
1101 1866 1255 1928 barbaros
1285 1876 1416 1947 potens,
1445 1886 1499 1926 non

244 1990 267 2029 n
283 1971 384 2034 minus
415 1972 591 2052 perniciosa
618 1970 707 2053 leges
737 1973 950 2035 metuentibus
980 1993 1076 2053 quam
1113 1973 1225 2053 quibus
1256 1974 1321 2034 iura
1352 1973 1500 2052 distinguit

283 2079 398 2140 modus
414 2079 534 2139 uirium.
573 2079 709 2158 denique
725 2091 831 2142 cetera
847 2066 987 2160 singulos
1005 2079 1183 2160 corripiunt,
1207 2078 1258 2140 hic
1273 2100 1352 2140 unus
1368 2077 1525 2140 adlectus?

281 2195 339 2258 est,
362 2185 415 2265 qui
438 2185 597 2247 interdurn
621 2185 744 2265 publice
768 2186 949 2266 concipitur.
995 2205 1168 2267 numquam
1191 2184 1326 2266 populus
1350 2186 1500 2246 uniuersus

281 2291 415 2354 feminae
439 2311 548 2352 amore
572 2291 726 2372 flagrauit,
750 2292 861 2352 necin
885 2292 1050 2372 pecuniam
1074 2301 1128 2352 aut
1158 2290 1279 2352 lucrum
1310 2300 1381 2352 tota
1405 2292 1500 2353 ciuitas

282 2419 372 2479 spem
404 2417 493 2458 suam
525 2397 617 2459 misit.
663 2397 794 2459 ambitio
826 2399 939 2460 uiritim
977 2398 1117 2479 singulos
1149 2406 1291 2480 occupat.
1338 2397 1500 2482 inpotentia

241 2519 268 2558 2⁰
284 2503 369 2584 [non]
396 2511 444 2564 est
468 2501 587 2564 malum
611 2503 791 2584 publicum:
826 2523 922 2586 saepe
944 2505 975 2566 in
1005 2505 1083 2566 iram
1107 2525 1171 2566 uno
1189 2503 1328 2585 ¹agmine
1352 2506 1429 2566 itum
1451 2511 1499 2564 est.

283 2611 346 2684 uiri,
370 2607 514 2684 feminae,
538 2629 637 2684 senes,
668 2611 765 2692 pueri,
796 2611 950 2692 principes
974 2610 1150 2692 uolgusque
1173 2589 1362 2672 consensere
1387 2620 1419 2672 et
1440 2617 1500 2670 tota
1514 2617 1525 2665 :t

283 2715 452 2780 multitudo
480 2716 673 2797 paucissimis
703 2715 807 2777 uerbis
839 2717 997 2778 concitata
1027 2718 1129 2799 ipsum
1162 2716 1391 2778 concitatorem
1422 2723 1498 2776 ante-

282 2825 383 2886 cessit.
429 2824 471 2884 ad
502 2843 591 2884 arma
620 2823 762 2903 protinus
792 2824 944 2904 ignesque
975 2823 1150 2886 discursum
1175 2832 1223 2885 est
1247 2830 1279 2883 et
1303 2822 1421 2884 indicta
1441 2820 1498 2882 fini-

281 2931 365 2992 timis
402 2928 486 2992 bella
524 2937 578 2990 aut
616 2937 706 3009 gesta
744 2949 823 2990 curn
855 2929 981 2990 cluibus.
1042 2937 1131 2989 totae
1170 2946 1242 2990 cum
1288 2928 1387 3010 stirpe
1425 2924 1527 2988 omnil

241 3056 267 3096 as
282 3045 440 3098 crematae
480 3037 594 3095 domus
626 3042 667 3096 et·
690 3034 789 3096 modo
829 3034 955 3116 eloquio
988 3033 1150 3096 fauorabili
1188 3032 1315 3096 habitus
1345 3036 1377 3096 in
1410 3031 1500 3094 multo
1581 3061 1582 3066 ¹

282 3142 404 3204 honore
427 3142 505 3202 iram
529 3161 603 3202 suae
620 3142 775 3202 contionis
790 3137 924 3223 excepit.
970 3142 1000 3201 in
1020 3140 1244 3223 imperatorem
1263 3160 1354 3203 suum
1370 3141 1501 3221 legiones

282 3247 345 3331 pila
366 3255 534 3310 torserunt.
581 3247 710 3309 dissedit
740 3247 831 3328 plebs
862 3257 932 3309 tota
959 3267 1032 3310 cum
1055 3247 1205 3328 patribus.
1250 3247 1410 3328 publicum
1435 3265 1499 3306 con·

282 3355 392 3428 silium,
418 3354 565 3434 [senatus]
583 3373 647 3414 non
667 3355 843 3434 expectatis
868 3353 1032 3416 dilectibus
1055 3374 1114 3416 nec
1136 3354 1302 3416 nominato
1317 3355 1501 3435 imperatore

283 3460 404 3523 subitos
427 3461 491 3521 irae
513 3479 588 3521 suae
613 3461 708 3521 duces
731 3458 808 3539 legit
832 3480 870 3522 ac
892 3482 949 3542 per
971 3469 1056 3521 tecta
1072 3460 1157 3522 urbis
1180 3458 1294 3522 nobilis
1311 3466 1502 3522 consectatus

242 3587 268 3628 ao
283 3568 366 3628 uiros
396 3565 580 3647 supplicium
613 3585 708 3627 manu
738 3568 880 3646 sumpsit.
925 3567 1062 3629 uiolatae
1097 3566 1273 3646 legationes
1312 3576 1408 3647 rupto
1445 3565 1529 3624 iuret»

283 3701 463 3709 ——--—„——
473 3701 494 3705 —·

283 3797 299 3850 2
319 3797 422 3846 intendit
443 3792 539 3848 Gertz:
562 3796 638 3844 tendit
711 3797 820 3844 aratione
840 3797 926 3865 (apr.
947 3797 1032 3861 corr.)
1105 3797 1191 3844 osani
1211 3801 1260 3844 tate
1278 3797 1374 3846 esciscit
1393 3794 1465 3860 (anie
1481 3807 1503 3838 es

284 3882 381 3937 charta
400 3881 494 3936 lacera
513 3882 565 3947 est)
669 3883 684 3935 3
705 3885 729 3932 in
749 3886 812 3932 iram
832 3885 867 3950 (m
884 3899 929 3953 pr.
948 3900 982 3936 m.
1003 3889 1033 3936 ut
1050 3881 1117 3948 uid.)
1138 3881 1207 3944 cod..
1227 3885 1251 3933 in
1270 3885 1307 3932 ira
1325 3882 1409 3952 urtho

284 3973 299 4025 7
320 3975 344 4022 in
363 3989 389 4022 se
408 3974 462 4036 ipsa
480 3968 549 4030 cod..
569 3971 593 4019 in
613 3988 638 4019 se
657 3973 736 4036 ipsam
750 3970 777 4024 Ε
783 3976 798 4035 ¹,
819 3971 989 4026 commendat
1003 3969 1093 4035 Gertz,
1112 3970 1163 4024 sed
1179 3970 1280 4038 uidet,
1295 3974 1309 4022 2
1323 3989 1380 4021 cum
1399 3988 1425 4021 se
1442 3972 1504 4034 ipsae

283 4078 370 4110 manus
389 4061 503 4124 frangunt
522 4064 548 4111 et
569 4062 590 4124 l,
617 4062 632 4111 3
652 4077 677 4108 se
695 4061 748 4124 ipsa
774 4063 870 4126 rapiens
888 4062 1005 4110 uiolentia
1114 4059 1146 4113 16
1166 4062 1265 4110 aflectus
1289 4059 1379 4130 (prior
1397 4056 1502 4120 fourr.)

368 4149 402 4202 20
421 4166 470 4198 non
490 4145 603 4200 induxit
622 4145 734 4218 Madut'p
812 4152 836 4199 in
855 4151 917 4198 iram
937 4147 1099 4202 deteriores:
1121 4150 1184 4198 inira
1267 4149 1300 4201 21
1321 4150 1436 4214 uulgusq;

283 4238 318 4291 25
337 4239 468 4287 fauorabili
486 4233 615 4307 Madm'q:
637 4238 780 4287 fauorabilis
857 4238 891 4290 28
910 4245 1005 4288 senatus
1024 4236 1136 4291 induxit
1153 4235 1239 4301 Koch,
1257 4235 1334 4306 quod
1351 4252 1410 4289 esse
1427 4235 1511 4288 t'rtltr·v

282 4331 482 4395 pretamentum
501 4331 633 4395 apparel:
654 4323 690 4392 cf.
708 4324 774 4379 Veli.
790 4325 849 4379 Par.
870 4330 894 4389 1,
908 4329 932 4388 8,
947 4331 962 4379 6
981 4328 1023 4376 hic
1042 4333 1139 4376 centum
1159 4327 1272 4376 homines
1291 4327 1381 4376 electos
1399 4324 1503 4390 appella-

284 4421 370 4478 tosque
388 4420 469 4478 patres
487 4417 563 4463 instar
581 4416 667 4463 habuit
687 4417 782 4464 consilii
801 4417 893 4480 publici
984 4413 1018 4468 29
1038 4419 1125 4464 tecta*
1234 4414 1268 4468 30
1286 4416 1378 4464 uiolate
