<?xml version="1.0" encoding="UTF-8"?>
<!DOCTYPE html PUBLIC "-//W3C//DTD XHTML 1.0 Transitional//EN"
    "http://www.w3.org/TR/xhtml1/DTD/xhtml1-transitional.dtd">
<html xmlns="http://www.w3.org/1999/xhtml" xml:lang="en" lang="en">
 <head>
  <title>
</title>
<meta http-equiv="Content-Type" content="text/html;charset=utf-8" />
  <meta name='ocr-system' content='tesseract 3.04.00' />
  <meta name='ocr-capabilities' content='ocr_page ocr_carea ocr_par ocr_line ocrx_word'/>
</head>
<body>
  <div class='ocr_page' id='page_1' title='image "./lannaeisenecaed01vahlgoog_0132.png"; bbox 0 0 3212 5326; ppageno 0'>
   <div class='ocr_carea' id='block_1_1' title="bbox 460 291 1304 382">
    <p class='ocr_par' dir='ltr' id='par_1_1' title="bbox 460 291 1304 382">
     <span class='ocr_line' id='line_1_1' title="bbox 460 291 1304 382; baseline 0.018 -27"><span class='ocrx_word' id='word_1_1' title='bbox 460 315 583 358; x_wconf 57' lang='lat' dir='ltr'>manv,</span> <span class='ocrx_word' id='word_1_2' title='bbox 613 315 653 358; x_wconf 69' lang='lat' dir='ltr'>De:</span> <span class='ocrx_word' id='word_1_3' title='bbox 668 315 718 356; x_wconf 82' lang='lat' dir='ltr'>IRA</span> <span class='ocrx_word' id='word_1_4' title='bbox 735 315 789 357; x_wconf 84' lang='lat' dir='ltr'>LlB.</span> <span class='ocrx_word' id='word_1_5' title='bbox 806 315 846 360; x_wconf 86' lang='lat' dir='ltr'>Ill.</span> <span class='ocrx_word' id='word_1_6' title='bbox 875 317 931 358; x_wconf 73' lang='lat' dir='ltr'>ut.</span> <span class='ocrx_word' id='word_1_7' title='bbox 1225 291 1227 296; x_wconf 22' lang='grc' dir='ltr'><strong><em>Δ</em></strong></span> <span class='ocrx_word' id='word_1_8' title='bbox 1266 320 1304 382; x_wconf 80' lang='grc'>91</span> 
     </span>
    </p>
   </div>
   <div class='ocr_carea' id='block_1_2' title="bbox 64 461 1374 3526">
    <p class='ocr_par' dir='ltr' id='par_1_2' title="bbox 67 461 1374 1291">
     <span class='ocr_line' id='line_1_2' title="bbox 93 461 1374 546; baseline 0.001 -19"><span class='ocrx_word' id='word_1_9' title='bbox 93 462 303 546; x_wconf 88' lang='lat' dir='ltr'>tranquillitas,</span> <span class='ocrx_word' id='word_1_10' title='bbox 334 464 359 524; x_wconf 93' lang='lat' dir='ltr'>si</span> <span class='ocrx_word' id='word_1_11' title='bbox 389 481 492 544; x_wconf 89' lang='lat' dir='ltr'>neque</span> <span class='ocrx_word' id='word_1_12' title='bbox 523 463 668 542; x_wconf 88' lang='lat' dir='ltr'>priuatim</span> <span class='ocrx_word' id='word_1_13' title='bbox 700 481 802 544; x_wconf 89' lang='lat' dir='ltr'>neque</span> <span class='ocrx_word' id='word_1_14' title='bbox 833 461 957 542; x_wconf 91' lang='lat' dir='ltr'>publice</span> <span class='ocrx_word' id='word_1_15' title='bbox 990 461 1090 524; x_wconf 89' lang='lat' dir='ltr'>multa</span> <span class='ocrx_word' id='word_1_16' title='bbox 1112 469 1166 523; x_wconf 87' lang='lat' dir='ltr'>aut</span> <span class='ocrx_word' id='word_1_17' title='bbox 1190 461 1309 524; x_wconf 90' lang='lat' dir='ltr'>maiora</span> <span class='ocrx_word' id='word_1_18' title='bbox 1370 519 1374 528; x_wconf 94' lang='lat'>.</span> 
     </span>
     <span class='ocr_line' id='line_1_3' title="bbox 93 566 1307 650; baseline -0.002 -17"><span class='ocrx_word' id='word_1_19' title='bbox 93 571 198 633; x_wconf 89' lang='lat' dir='ltr'>uiribus</span> <span class='ocrx_word' id='word_1_20' title='bbox 228 572 344 633; x_wconf 86' lang='lat' dir='ltr'>nostris</span> <span class='ocrx_word' id='word_1_21' title='bbox 367 571 532 650; x_wconf 85' lang='lat' dir='ltr'>egerimus.</span> <span class='ocrx_word' id='word_1_22' title='bbox 585 588 759 650; x_wconf 88' lang='lat' dir='ltr'><strong>numquam</strong></span> <span class='ocrx_word' id='word_1_23' title='bbox 790 577 857 632; x_wconf 91' lang='lat' dir='ltr'>tam</span> <span class='ocrx_word' id='word_1_24' title='bbox 890 566 1016 630; x_wconf 80' lang='lat' dir='ltr'>feliciter</span> <span class='ocrx_word' id='word_1_25' title='bbox 1048 569 1077 629; x_wconf 89' lang='lat' dir='ltr'>in</span> <span class='ocrx_word' id='word_1_26' title='bbox 1117 567 1216 630; x_wconf 88' lang='lat' dir='ltr'>multa</span> <span class='ocrx_word' id='word_1_27' title='bbox 1246 569 1307 630; x_wconf 90' lang='lat' dir='ltr'>dis-</span> 
     </span>
     <span class='ocr_line' id='line_1_4' title="bbox 93 674 1309 758; baseline -0.005 -18"><span class='ocrx_word' id='word_1_28' title='bbox 93 680 215 740; x_wconf 88' lang='lat' dir='ltr'>currenti</span> <span class='ocrx_word' id='word_1_29' title='bbox 247 677 377 758; x_wconf 88' lang='lat' dir='ltr'>negotia</span> <span class='ocrx_word' id='word_1_30' title='bbox 407 677 475 738; x_wconf 90' lang='lat' dir='ltr'>dies</span> <span class='ocrx_word' id='word_1_31' title='bbox 506 677 634 748; x_wconf 88' lang='lat' dir='ltr'>transit,</span> <span class='ocrx_word' id='word_1_32' title='bbox 666 685 701 737; x_wconf 92' lang='lat' dir='ltr'>ut</span> <span class='ocrx_word' id='word_1_33' title='bbox 725 695 789 736; x_wconf 94' lang='lat' dir='ltr'>non</span> <span class='ocrx_word' id='word_1_34' title='bbox 820 683 874 738; x_wconf 90' lang='lat' dir='ltr'>aut</span> <span class='ocrx_word' id='word_1_35' title='bbox 898 695 940 736; x_wconf 87' lang='lat' dir='ltr'>ex</span> <span class='ocrx_word' id='word_1_36' title='bbox 964 674 1093 736; x_wconf 91' lang='lat' dir='ltr'>homine</span> <span class='ocrx_word' id='word_1_37' title='bbox 1125 683 1178 736; x_wconf 89' lang='lat' dir='ltr'>aut</span> <span class='ocrx_word' id='word_1_38' title='bbox 1211 693 1252 736; x_wconf 93' lang='lat' dir='ltr'>ex</span> <span class='ocrx_word' id='word_1_39' title='bbox 1275 694 1309 735; x_wconf 92' lang='lat' dir='ltr'>re</span> 
     </span>
     <span class='ocr_line' id='line_1_5' title="bbox 67 779 1307 864; baseline -0.002 -22"><span class='ocrx_word' id='word_1_40' title='bbox 67 784 201 846; x_wconf 81' lang='lat' dir='ltr'>loffensa</span> <span class='ocrx_word' id='word_1_41' title='bbox 231 791 394 857; x_wconf 87' lang='lat' dir='ltr'>nascatur,</span> <span class='ocrx_word' id='word_1_42' title='bbox 433 801 515 864; x_wconf 88' lang='lat' dir='ltr'>quae</span> <span class='ocrx_word' id='word_1_43' title='bbox 553 784 690 844; x_wconf 91' lang='lat' dir='ltr'>animum</span> <span class='ocrx_word' id='word_1_44' title='bbox 730 785 759 846; x_wconf 93' lang='lat' dir='ltr'>in</span> <span class='ocrx_word' id='word_1_45' title='bbox 791 783 851 844; x_wconf 91' lang='lat' dir='ltr'>iras</span> <span class='ocrx_word' id='word_1_46' title='bbox 882 791 981 862; x_wconf 91' lang='lat' dir='ltr'>paret.</span> <span class='ocrx_word' id='word_1_47' title='bbox 1034 779 1307 862; x_wconf 82' lang='lat' dir='ltr'>quemadmodum</span> 
     </span>
     <span class='ocr_line' id='line_1_6' title="bbox 92 886 1334 972; baseline -0.003 -20"><span class='ocrx_word' id='word_1_48' title='bbox 92 911 139 972; x_wconf 89' lang='lat' dir='ltr'>per</span> <span class='ocrx_word' id='word_1_49' title='bbox 160 888 334 971; x_wconf 78' lang='lat' dir='ltr'>frequentia</span> <span class='ocrx_word' id='word_1_50' title='bbox 364 889 447 952; x_wconf 93' lang='lat' dir='ltr'>urbis</span> <span class='ocrx_word' id='word_1_51' title='bbox 478 887 550 950; x_wconf 91' lang='lat' dir='ltr'>loca</span> <span class='ocrx_word' id='word_1_52' title='bbox 580 892 760 969; x_wconf 89' lang='lat' dir='ltr'>properanti</span> <span class='ocrx_word' id='word_1_53' title='bbox 793 891 822 950; x_wconf 90' lang='lat' dir='ltr'>in</span> <span class='ocrx_word' id='word_1_54' title='bbox 847 886 964 951; x_wconf 92' lang='lat' dir='ltr'>multos</span> <span class='ocrx_word' id='word_1_55' title='bbox 987 887 1235 950; x_wconf 88' lang='lat' dir='ltr'>incursitandum</span> <span class='ocrx_word' id='word_1_56' title='bbox 1260 895 1334 948; x_wconf 80' lang='lat' dir='ltr'>estu</span> 
     </span>
     <span class='ocr_line' id='line_1_7' title="bbox 92 993 1308 1076; baseline -0.003 -18"><span class='ocrx_word' id='word_1_57' title='bbox 92 1007 116 1058; x_wconf 87' lang='lat' dir='ltr'>et</span> <span class='ocrx_word' id='word_1_58' title='bbox 146 996 236 1058; x_wconf 85' lang='lat' dir='ltr'>aliubi</span> <span class='ocrx_word' id='word_1_59' title='bbox 269 995 333 1059; x_wconf 90' lang='lat' dir='ltr'>labi</span> <span class='ocrx_word' id='word_1_60' title='bbox 364 1015 494 1058; x_wconf 88' lang='lat' dir='ltr'>necesse</span> <span class='ocrx_word' id='word_1_61' title='bbox 524 1005 586 1070; x_wconf 88' lang='lat' dir='ltr'>est,</span> <span class='ocrx_word' id='word_1_62' title='bbox 617 993 710 1058; x_wconf 89' lang='lat' dir='ltr'>aliubi</span> <span class='ocrx_word' id='word_1_63' title='bbox 735 996 872 1068; x_wconf 88' lang='lat' dir='ltr'>retineri,</span> <span class='ocrx_word' id='word_1_64' title='bbox 903 993 998 1057; x_wconf 86' lang='lat' dir='ltr'>aliubi</span> <span class='ocrx_word' id='word_1_65' title='bbox 1022 996 1176 1076; x_wconf 85' lang='lat' dir='ltr'>respergi:</span> <span class='ocrx_word' id='word_1_66' title='bbox 1212 995 1254 1054; x_wconf 86' lang='lat' dir='ltr'>ita</span> <span class='ocrx_word' id='word_1_67' title='bbox 1277 994 1308 1054; x_wconf 92' lang='lat' dir='ltr'>in</span> 
     </span>
     <span class='ocr_line' id='line_1_8' title="bbox 92 1098 1309 1184; baseline -0.003 -20"><span class='ocrx_word' id='word_1_68' title='bbox 92 1103 145 1165; x_wconf 90' lang='lat' dir='ltr'>hoc</span> <span class='ocrx_word' id='word_1_69' title='bbox 181 1105 264 1166; x_wconf 87' lang='lat' dir='ltr'>uitae</span> <span class='ocrx_word' id='word_1_70' title='bbox 304 1112 377 1166; x_wconf 89' lang='lat' dir='ltr'>actu</span> <span class='ocrx_word' id='word_1_71' title='bbox 409 1104 562 1184; x_wconf 91' lang='lat' dir='ltr'>dissipato</span> <span class='ocrx_word' id='word_1_72' title='bbox 594 1110 627 1163; x_wconf 89' lang='lat' dir='ltr'>et</span> <span class='ocrx_word' id='word_1_73' title='bbox 660 1121 743 1180; x_wconf 85' lang='lat' dir='ltr'>uago</span> <span class='ocrx_word' id='word_1_74' title='bbox 782 1099 882 1164; x_wconf 91' lang='lat' dir='ltr'>multa</span> <span class='ocrx_word' id='word_1_75' title='bbox 919 1101 1151 1182; x_wconf 90' lang='lat' dir='ltr'>inpedimenta,</span> <span class='ocrx_word' id='word_1_76' title='bbox 1190 1098 1309 1161; x_wconf 91' lang='lat' dir='ltr'>multae</span> 
     </span>
     <span class='ocr_line' id='line_1_9' title="bbox 91 1203 1307 1291; baseline -0.004 -20"><span class='ocrx_word' id='word_1_77' title='bbox 91 1207 237 1291; x_wconf 89' lang='lat' dir='ltr'>querellae</span> <span class='ocrx_word' id='word_1_78' title='bbox 261 1210 409 1271; x_wconf 87' lang='lat' dir='ltr'>incidunt.</span> <span class='ocrx_word' id='word_1_79' title='bbox 457 1207 534 1270; x_wconf 90' lang='lat' dir='ltr'>alius</span> <span class='ocrx_word' id='word_1_80' title='bbox 557 1227 647 1290; x_wconf 91' lang='lat' dir='ltr'>spem</span> <span class='ocrx_word' id='word_1_81' title='bbox 671 1217 814 1270; x_wconf 92' lang='lat' dir='ltr'>nostram</span> <span class='ocrx_word' id='word_1_82' title='bbox 839 1205 951 1274; x_wconf 84' lang='lat' dir='ltr'>fefellit.</span> <span class='ocrx_word' id='word_1_83' title='bbox 976 1206 1052 1268; x_wconf 90' lang='lat' dir='ltr'>alius</span> <span class='ocrx_word' id='word_1_84' title='bbox 1077 1205 1209 1279; x_wconf 87' lang='lat' dir='ltr'>distulit,</span> <span class='ocrx_word' id='word_1_85' title='bbox 1232 1203 1307 1266; x_wconf 88' lang='lat' dir='ltr'>alius</span> 
     </span>
    </p>

    <p class='ocr_par' dir='ltr' id='par_1_3' title="bbox 66 1310 1346 1716">
     <span class='ocr_line' id='line_1_10' title="bbox 66 1310 1307 1398; baseline -0.006 -17"><span class='ocrx_word' id='word_1_86' title='bbox 66 1335 76 1384; x_wconf 71' lang='lat' dir='ltr'>t</span> <span class='ocrx_word' id='word_1_87' title='bbox 91 1318 256 1398; x_wconf 89' lang='lat' dir='ltr'>intercepit.</span> <span class='ocrx_word' id='word_1_88' title='bbox 304 1335 369 1377; x_wconf 89' lang='lat' dir='ltr'>non</span> <span class='ocrx_word' id='word_1_89' title='bbox 401 1335 443 1376; x_wconf 90' lang='lat' dir='ltr'>ex</span> <span class='ocrx_word' id='word_1_90' title='bbox 475 1315 635 1377; x_wconf 90' lang='lat' dir='ltr'>destinato</span> <span class='ocrx_word' id='word_1_91' title='bbox 668 1315 833 1396; x_wconf 89' lang='lat' dir='ltr'>proposita</span> <span class='ocrx_word' id='word_1_92' title='bbox 864 1312 1031 1375; x_wconf 85' lang='lat' dir='ltr'>fluxerunt.</span> <span class='ocrx_word' id='word_1_93' title='bbox 1077 1311 1151 1374; x_wconf 91' lang='lat' dir='ltr'>nulli</span> <span class='ocrx_word' id='word_1_94' title='bbox 1182 1310 1307 1374; x_wconf 89' lang='lat' dir='ltr'>fortuna</span> 
     </span>
     <span class='ocr_line' id='line_1_11' title="bbox 90 1403 1346 1501; baseline -0.006 -15"><span class='ocrx_word' id='word_1_95' title='bbox 90 1433 148 1486; x_wconf 86' lang='lat' dir='ltr'>tam</span> <span class='ocrx_word' id='word_1_96' title='bbox 171 1423 279 1484; x_wconf 90' lang='lat' dir='ltr'>dedita</span> <span class='ocrx_word' id='word_1_97' title='bbox 303 1431 365 1495; x_wconf 89' lang='lat' dir='ltr'>est,</span> <span class='ocrx_word' id='word_1_98' title='bbox 397 1431 431 1483; x_wconf 92' lang='lat' dir='ltr'>ut</span> <span class='ocrx_word' id='word_1_99' title='bbox 462 1420 563 1484; x_wconf 86' lang='lat' dir='ltr'>multa</span> <span class='ocrx_word' id='word_1_100' title='bbox 584 1403 755 1501; x_wconf 89' lang='lat' dir='ltr'>temptanti</span> <span class='ocrx_word' id='word_1_101' title='bbox 780 1420 896 1501; x_wconf 92' lang='lat' dir='ltr'>ubique</span> <span class='ocrx_word' id='word_1_102' title='bbox 924 1419 1124 1500; x_wconf 90' lang='lat' dir='ltr'>respondeat.</span> <span class='ocrx_word' id='word_1_103' title='bbox 1167 1421 1307 1500; x_wconf 88' lang='lat' dir='ltr'>sequitur</span> <span class='ocrx_word' id='word_1_104' title='bbox 1324 1439 1346 1478; x_wconf 85' lang='lat' dir='ltr'>ro</span> 
     </span>
     <span class='ocr_line' id='line_1_12' title="bbox 90 1519 1307 1610; baseline -0.002 -21"><span class='ocrx_word' id='word_1_105' title='bbox 90 1548 167 1608; x_wconf 87' lang='lat' dir='ltr'>ergo,</span> <span class='ocrx_word' id='word_1_106' title='bbox 190 1537 225 1591; x_wconf 92' lang='lat' dir='ltr'>ut</span> <span class='ocrx_word' id='word_1_107' title='bbox 249 1531 275 1591; x_wconf 92' lang='lat' dir='ltr'>is</span> <span class='ocrx_word' id='word_1_108' title='bbox 292 1528 340 1590; x_wconf 91' lang='lat' dir='ltr'>cui</span> <span class='ocrx_word' id='word_1_109' title='bbox 356 1537 467 1590; x_wconf 84' lang='lat' dir='ltr'>contra</span> <span class='ocrx_word' id='word_1_110' title='bbox 492 1547 587 1608; x_wconf 86' lang='lat' dir='ltr'>quam</span> <span class='ocrx_word' id='word_1_111' title='bbox 603 1535 814 1610; x_wconf 87' lang='lat' dir='ltr'>proposuerat</span> <span class='ocrx_word' id='word_1_112' title='bbox 836 1525 940 1607; x_wconf 93' lang='lat' dir='ltr'>aliqua</span> <span class='ocrx_word' id='word_1_113' title='bbox 960 1519 1130 1600; x_wconf 77' lang='lat' dir='ltr'>cesserunt,</span> <span class='ocrx_word' id='word_1_114' title='bbox 1152 1526 1307 1604; x_wconf 89' lang='lat' dir='ltr'>inpatiens</span> 
     </span>
     <span class='ocr_line' id='line_1_13' title="bbox 90 1633 1305 1716; baseline -0.003 -21"><span class='ocrx_word' id='word_1_115' title='bbox 90 1635 244 1697; x_wconf 92' lang='lat' dir='ltr'>hominum</span> <span class='ocrx_word' id='word_1_116' title='bbox 269 1653 437 1716; x_wconf 88' lang='lat' dir='ltr'>rerumque</span> <span class='ocrx_word' id='word_1_117' title='bbox 460 1637 513 1710; x_wconf 87' lang='lat' dir='ltr'>sit,</span> <span class='ocrx_word' id='word_1_118' title='bbox 544 1653 587 1696; x_wconf 85' lang='lat' dir='ltr'>ex</span> <span class='ocrx_word' id='word_1_119' title='bbox 610 1633 774 1696; x_wconf 90' lang='lat' dir='ltr'>leuissimis</span> <span class='ocrx_word' id='word_1_120' title='bbox 798 1635 898 1695; x_wconf 91' lang='lat' dir='ltr'>causis</span> <span class='ocrx_word' id='word_1_121' title='bbox 921 1635 1071 1694; x_wconf 84' lang='lat' dir='ltr'>irascatur</span> <span class='ocrx_word' id='word_1_122' title='bbox 1093 1651 1175 1692; x_wconf 92' lang='lat' dir='ltr'>nunc</span> <span class='ocrx_word' id='word_1_123' title='bbox 1198 1650 1305 1711; x_wconf 89' lang='lat' dir='ltr'>perso-</span> 
     </span>
    </p>

    <p class='ocr_par' dir='ltr' id='par_1_4' title="bbox 65 1736 1345 2459">
     <span class='ocr_line' id='line_1_14' title="bbox 65 1736 1308 1822; baseline -0.004 -19"><span class='ocrx_word' id='word_1_124' title='bbox 65 1759 154 1816; x_wconf 70' lang='lat' dir='ltr'>qnae,</span> <span class='ocrx_word' id='word_1_125' title='bbox 182 1761 265 1803; x_wconf 87' lang='lat' dir='ltr'>nunc</span> <span class='ocrx_word' id='word_1_126' title='bbox 288 1743 435 1822; x_wconf 80' lang='lat' dir='ltr'>negotio,</span> <span class='ocrx_word' id='word_1_127' title='bbox 467 1761 550 1803; x_wconf 89' lang='lat' dir='ltr'>nunc</span> <span class='ocrx_word' id='word_1_128' title='bbox 572 1739 662 1814; x_wconf 91' lang='lat' dir='ltr'>loc0‚</span> <span class='ocrx_word' id='word_1_129' title='bbox 686 1759 768 1801; x_wconf 92' lang='lat' dir='ltr'>nunc</span> <span class='ocrx_word' id='word_1_130' title='bbox 790 1738 948 1812; x_wconf 82' lang='lat' dir='ltr'>fortunae,</span> <span class='ocrx_word' id='word_1_131' title='bbox 985 1757 1067 1798; x_wconf 91' lang='lat' dir='ltr'>nunc</span> <span class='ocrx_word' id='word_1_132' title='bbox 1089 1736 1155 1800; x_wconf 91' lang='lat' dir='ltr'>sibi.</span> <span class='ocrx_word' id='word_1_133' title='bbox 1201 1737 1308 1819; x_wconf 89' lang='lat' dir='ltr'>itaque</span> 
     </span>
     <span class='ocr_line' id='line_1_15' title="bbox 89 1843 1306 1929; baseline -0.002 -21"><span class='ocrx_word' id='word_1_134' title='bbox 89 1857 116 1909; x_wconf 91' lang='lat' dir='ltr'>ut</span> <span class='ocrx_word' id='word_1_135' title='bbox 144 1847 267 1929; x_wconf 86' lang='lat' dir='ltr'>quietus</span> <span class='ocrx_word' id='word_1_136' title='bbox 298 1849 399 1928; x_wconf 92' lang='lat' dir='ltr'>possit</span> <span class='ocrx_word' id='word_1_137' title='bbox 422 1867 491 1909; x_wconf 89' lang='lat' dir='ltr'>esse</span> <span class='ocrx_word' id='word_1_138' title='bbox 515 1847 651 1920; x_wconf 88' lang='lat' dir='ltr'>animus,</span> <span class='ocrx_word' id='word_1_139' title='bbox 682 1867 746 1908; x_wconf 92' lang='lat' dir='ltr'>non</span> <span class='ocrx_word' id='word_1_140' title='bbox 778 1854 827 1907; x_wconf 89' lang='lat' dir='ltr'>est</span> <span class='ocrx_word' id='word_1_141' title='bbox 859 1847 1022 1908; x_wconf 87' lang='lat' dir='ltr'>iactandus</span> <span class='ocrx_word' id='word_1_142' title='bbox 1045 1865 1104 1906; x_wconf 89' lang='lat' dir='ltr'>nec</span> <span class='ocrx_word' id='word_1_143' title='bbox 1127 1843 1306 1920; x_wconf 89' lang='lat' dir='ltr'>multarum,</span> 
     </span>
     <span class='ocr_line' id='line_1_16' title="bbox 90 1951 1345 2034; baseline -0.004 -18"><span class='ocrx_word' id='word_1_144' title='bbox 90 1964 117 2016; x_wconf 92' lang='lat' dir='ltr'>ut</span> <span class='ocrx_word' id='word_1_145' title='bbox 145 1955 227 2029; x_wconf 85' lang='lat' dir='ltr'>dixi,</span> <span class='ocrx_word' id='word_1_146' title='bbox 259 1973 363 2016; x_wconf 90' lang='lat' dir='ltr'>rerum</span> <span class='ocrx_word' id='word_1_147' title='bbox 395 1963 467 2016; x_wconf 89' lang='lat' dir='ltr'>actu</span> <span class='ocrx_word' id='word_1_148' title='bbox 506 1951 684 2034; x_wconf 81' lang='lat' dir='ltr'>fatigandus</span> <span class='ocrx_word' id='word_1_149' title='bbox 716 1972 775 2014; x_wconf 89' lang='lat' dir='ltr'>nec</span> <span class='ocrx_word' id='word_1_150' title='bbox 813 1971 1001 2032; x_wconf 86' lang='lat' dir='ltr'>magnarum</span> <span class='ocrx_word' id='word_1_151' title='bbox 1040 1969 1196 2032; x_wconf 85' lang='lat' dir='ltr'>supraque</span> <span class='ocrx_word' id='word_1_152' title='bbox 1226 1952 1306 2012; x_wconf 91' lang='lat' dir='ltr'>uires</span> <span class='ocrx_word' id='word_1_153' title='bbox 1323 1971 1345 2010; x_wconf 61' lang='grc' dir='ltr'>ιε)</span> 
     </span>
     <span class='ocr_line' id='line_1_17' title="bbox 89 2055 1306 2154; baseline -0.003 -32"><span class='ocrx_word' id='word_1_154' title='bbox 89 2063 303 2142; x_wconf 82' lang='lat' dir='ltr'>adpetitamm.</span> <span class='ocrx_word' id='word_1_155' title='bbox 355 2058 444 2122; x_wconf 88' lang='lat' dir='ltr'>facile</span> <span class='ocrx_word' id='word_1_156' title='bbox 476 2069 524 2122; x_wconf 92' lang='lat' dir='ltr'>est</span> <span class='ocrx_word' id='word_1_157' title='bbox 556 2060 637 2122; x_wconf 84' lang='lat' dir='ltr'>leuia</span> <span class='ocrx_word' id='word_1_158' title='bbox 668 2069 779 2154; x_wconf 89' lang='lat' dir='ltr'>aptare</span> <span class='ocrx_word' id='word_1_159' title='bbox 810 2058 982 2120; x_wconf 88' lang='lat' dir='ltr'>ceruicibus</span> <span class='ocrx_word' id='word_1_160' title='bbox 1014 2065 1046 2120; x_wconf 93' lang='lat' dir='ltr'>et</span> <span class='ocrx_word' id='word_1_161' title='bbox 1077 2057 1107 2118; x_wconf 89' lang='lat' dir='ltr'>in</span> <span class='ocrx_word' id='word_1_162' title='bbox 1139 2055 1220 2118; x_wconf 90' lang='lat' dir='ltr'>hanc</span> <span class='ocrx_word' id='word_1_163' title='bbox 1252 2065 1306 2136; x_wconf 74' lang='lat' dir='ltr'>qut</span> 
     </span>
     <span class='ocr_line' id='line_1_18' title="bbox 90 2162 1307 2249; baseline -0.003 -21"><span class='ocrx_word' id='word_1_164' title='bbox 90 2166 164 2230; x_wconf 86' lang='lat' dir='ltr'>illam</span> <span class='ocrx_word' id='word_1_165' title='bbox 187 2177 315 2249; x_wconf 89' lang='lat' dir='ltr'>partem</span> <span class='ocrx_word' id='word_1_166' title='bbox 339 2164 507 2228; x_wconf 89' lang='lat' dir='ltr'>transferre</span> <span class='ocrx_word' id='word_1_167' title='bbox 522 2168 589 2228; x_wconf 88' lang='lat' dir='ltr'>sine</span> <span class='ocrx_word' id='word_1_168' title='bbox 604 2164 712 2246; x_wconf 91' lang='lat' dir='ltr'>lapsu:</span> <span class='ocrx_word' id='word_1_169' title='bbox 739 2174 773 2228; x_wconf 88' lang='lat' dir='ltr'>at</span> <span class='ocrx_word' id='word_1_170' title='bbox 796 2185 877 2245; x_wconf 84' lang='lat' dir='ltr'>quae</span> <span class='ocrx_word' id='word_1_171' title='bbox 896 2165 1003 2227; x_wconf 87' lang='lat' dir='ltr'>alienis</span> <span class='ocrx_word' id='word_1_172' title='bbox 1026 2166 1056 2226; x_wconf 91' lang='lat' dir='ltr'>in</span> <span class='ocrx_word' id='word_1_173' title='bbox 1080 2183 1138 2224; x_wconf 88' lang='lat' dir='ltr'>nos</span> <span class='ocrx_word' id='word_1_174' title='bbox 1163 2162 1307 2224; x_wconf 90' lang='lat' dir='ltr'>manibus</span> 
     </span>
     <span class='ocr_line' id='line_1_19' title="bbox 90 2270 1306 2354; baseline -0.003 -20"><span class='ocrx_word' id='word_1_175' title='bbox 90 2276 214 2354; x_wconf 88' lang='lat' dir='ltr'>inposita</span> <span class='ocrx_word' id='word_1_176' title='bbox 245 2293 340 2354; x_wconf 86' lang='lat' dir='ltr'>aegre</span> <span class='ocrx_word' id='word_1_177' title='bbox 371 2275 578 2347; x_wconf 90' lang='lat' dir='ltr'>sustinemus,</span> <span class='ocrx_word' id='word_1_178' title='bbox 615 2275 688 2334; x_wconf 92' lang='lat' dir='ltr'>uicti</span> <span class='ocrx_word' id='word_1_179' title='bbox 710 2275 741 2333; x_wconf 88' lang='lat' dir='ltr'>in</span> <span class='ocrx_word' id='word_1_180' title='bbox 765 2291 943 2353; x_wconf 91' lang='lat' dir='ltr'>proxumos</span> <span class='ocrx_word' id='word_1_181' title='bbox 967 2270 1163 2332; x_wconf 80' lang='lat' dir='ltr'>effundimus.</span> <span class='ocrx_word' id='word_1_182' title='bbox 1210 2271 1306 2331; x_wconf 89' lang='lat' dir='ltr'>etiam</span> 
     </span>
     <span class='ocr_line' id='line_1_20' title="bbox 90 2378 1007 2459; baseline -0.002 -19"><span class='ocrx_word' id='word_1_183' title='bbox 90 2381 154 2442; x_wconf 91' lang='lat' dir='ltr'>dum</span> <span class='ocrx_word' id='word_1_184' title='bbox 177 2390 301 2444; x_wconf 89' lang='lat' dir='ltr'>stamus</span> <span class='ocrx_word' id='word_1_185' title='bbox 324 2380 382 2441; x_wconf 90' lang='lat' dir='ltr'>sub</span> <span class='ocrx_word' id='word_1_186' title='bbox 405 2382 534 2452; x_wconf 89' lang='lat' dir='ltr'>sarcina,</span> <span class='ocrx_word' id='word_1_187' title='bbox 559 2381 683 2459; x_wconf 85' lang='lat' dir='ltr'>inpares</span> <span class='ocrx_word' id='word_1_188' title='bbox 706 2381 794 2440; x_wconf 92' lang='lat' dir='ltr'>oneri</span> <span class='ocrx_word' id='word_1_189' title='bbox 819 2378 1007 2440; x_wconf 90' lang='lat' dir='ltr'>uacillamus.</span> 
     </span>
    </p>

    <p class='ocr_par' dir='ltr' id='par_1_5' title="bbox 65 2475 1346 3098">
     <span class='ocr_line' id='line_1_21' title="bbox 65 2475 1346 2571; baseline -0.011 -17"><span class='ocrx_word' id='word_1_190' title='bbox 65 2503 73 2554; x_wconf 81' lang='lat' dir='ltr'>t</span> <span class='ocrx_word' id='word_1_191' title='bbox 166 2486 235 2548; x_wconf 83' lang='lat' dir='ltr'>Vll:</span> <span class='ocrx_word' id='word_1_192' title='bbox 272 2486 362 2548; x_wconf 92' lang='lat' dir='ltr'>Idem</span> <span class='ocrx_word' id='word_1_193' title='bbox 394 2487 536 2548; x_wconf 89' lang='lat' dir='ltr'>accidere</span> <span class='ocrx_word' id='word_1_194' title='bbox 567 2487 597 2546; x_wconf 94' lang='lat' dir='ltr'>in</span> <span class='ocrx_word' id='word_1_195' title='bbox 626 2484 722 2571; x_wconf 77' lang='lat' dir='ltr'>rebus</span> <span class='ocrx_word' id='word_1_196' title='bbox 762 2475 903 2546; x_wconf 88' lang='lat' dir='ltr'>ciuilibus</span> <span class='ocrx_word' id='word_1_197' title='bbox 935 2503 973 2546; x_wconf 89' lang='lat' dir='ltr'>ac</span> <span class='ocrx_word' id='word_1_198' title='bbox 1005 2483 1187 2544; x_wconf 87' lang='lat' dir='ltr'>domesticis</span> <span class='ocrx_word' id='word_1_199' title='bbox 1217 2483 1305 2542; x_wconf 90' lang='lat' dir='ltr'>scias.</span> <span class='ocrx_word' id='word_1_200' title='bbox 1321 2501 1346 2540; x_wconf 80' lang='lat'>20</span> 
     </span>
     <span class='ocr_line' id='line_1_22' title="bbox 89 2590 1307 2673; baseline -0.003 -21"><span class='ocrx_word' id='word_1_201' title='bbox 89 2596 206 2673; x_wconf 87' lang='lat' dir='ltr'>negotia</span> <span class='ocrx_word' id='word_1_202' title='bbox 229 2594 385 2672; x_wconf 88' lang='lat' dir='ltr'>expedita</span> <span class='ocrx_word' id='word_1_203' title='bbox 408 2601 441 2654; x_wconf 92' lang='lat' dir='ltr'>et</span> <span class='ocrx_word' id='word_1_204' title='bbox 464 2590 580 2653; x_wconf 93' lang='lat' dir='ltr'>habilia</span> <span class='ocrx_word' id='word_1_205' title='bbox 603 2599 775 2672; x_wconf 89' lang='lat' dir='ltr'>sequuntur</span> <span class='ocrx_word' id='word_1_206' title='bbox 798 2599 959 2652; x_wconf 90' lang='lat' dir='ltr'>actorem:</span> <span class='ocrx_word' id='word_1_207' title='bbox 994 2590 1133 2669; x_wconf 88' lang='lat' dir='ltr'>ingentia</span> <span class='ocrx_word' id='word_1_208' title='bbox 1156 2596 1189 2650; x_wconf 92' lang='lat' dir='ltr'>et</span> <span class='ocrx_word' id='word_1_209' title='bbox 1212 2607 1307 2667; x_wconf 89' lang='lat' dir='ltr'>supra</span> 
     </span>
     <span class='ocr_line' id='line_1_23' title="bbox 90 2696 1306 2779; baseline -0.004 -20"><span class='ocrx_word' id='word_1_210' title='bbox 90 2718 258 2761; x_wconf 89' lang='lat' dir='ltr'>mensuram</span> <span class='ocrx_word' id='word_1_211' title='bbox 275 2701 414 2779; x_wconf 89' lang='lat' dir='ltr'>gerentis</span> <span class='ocrx_word' id='word_1_212' title='bbox 429 2717 488 2760; x_wconf 89' lang='lat' dir='ltr'>nec</span> <span class='ocrx_word' id='word_1_213' title='bbox 504 2700 582 2760; x_wconf 90' lang='lat' dir='ltr'>dant</span> <span class='ocrx_word' id='word_1_214' title='bbox 606 2717 641 2758; x_wconf 93' lang='lat' dir='ltr'>se</span> <span class='ocrx_word' id='word_1_215' title='bbox 664 2696 753 2759; x_wconf 90' lang='lat' dir='ltr'>facile</span> <span class='ocrx_word' id='word_1_216' title='bbox 777 2706 817 2770; x_wconf 90' lang='lat' dir='ltr'>et,</span> <span class='ocrx_word' id='word_1_217' title='bbox 841 2699 866 2758; x_wconf 89' lang='lat' dir='ltr'>si</span> <span class='ocrx_word' id='word_1_218' title='bbox 882 2704 1039 2776; x_wconf 88' lang='lat' dir='ltr'>occupata</span> <span class='ocrx_word' id='word_1_219' title='bbox 1053 2704 1135 2768; x_wconf 88' lang='lat' dir='ltr'>sunt,</span> <span class='ocrx_word' id='word_1_220' title='bbox 1158 2702 1306 2776; x_wconf 90' lang='lat' dir='ltr'>premunt</span> 
     </span>
     <span class='ocr_line' id='line_1_24' title="bbox 89 2803 1305 2886; baseline -0.007 -20"><span class='ocrx_word' id='word_1_221' title='bbox 89 2814 173 2886; x_wconf 90' lang='lat' dir='ltr'>atque</span> <span class='ocrx_word' id='word_1_222' title='bbox 203 2807 368 2868; x_wconf 90' lang='lat' dir='ltr'>adducunt</span> <span class='ocrx_word' id='word_1_223' title='bbox 407 2805 681 2867; x_wconf 89' lang='lat' dir='ltr'>administrantem</span> <span class='ocrx_word' id='word_1_224' title='bbox 719 2806 881 2883; x_wconf 89' lang='lat' dir='ltr'>tenerique</span> <span class='ocrx_word' id='word_1_225' title='bbox 918 2805 981 2864; x_wconf 91' lang='lat' dir='ltr'>iam</span> <span class='ocrx_word' id='word_1_226' title='bbox 1021 2803 1087 2864; x_wconf 90' lang='lat' dir='ltr'>uisa</span> <span class='ocrx_word' id='word_1_227' title='bbox 1125 2819 1196 2862; x_wconf 92' lang='lat' dir='ltr'>cum</span> <span class='ocrx_word' id='word_1_228' title='bbox 1236 2803 1305 2880; x_wconf 90' lang='lat' dir='ltr'>ipso</span> 
     </span>
     <span class='ocr_line' id='line_1_25' title="bbox 90 2907 1305 2992; baseline -0.007 -19"><span class='ocrx_word' id='word_1_229' title='bbox 90 2913 214 2975; x_wconf 88' lang='lat' dir='ltr'>cadunt:</span> <span class='ocrx_word' id='word_1_230' title='bbox 249 2915 294 2974; x_wconf 89' lang='lat' dir='ltr'>ita</span> <span class='ocrx_word' id='word_1_231' title='bbox 325 2911 376 2986; x_wconf 81' lang='lat' dir='ltr'>fit,</span> <span class='ocrx_word' id='word_1_232' title='bbox 411 2920 444 2974; x_wconf 92' lang='lat' dir='ltr'>ut</span> <span class='ocrx_word' id='word_1_233' title='bbox 475 2911 654 2992; x_wconf 87' lang='lat' dir='ltr'>frequenter</span> <span class='ocrx_word' id='word_1_234' title='bbox 685 2913 776 2973; x_wconf 88' lang='lat' dir='ltr'>inrita</span> <span class='ocrx_word' id='word_1_235' title='bbox 807 2912 847 2972; x_wconf 86' lang='lat' dir='ltr'>sit</span> <span class='ocrx_word' id='word_1_236' title='bbox 871 2911 937 2970; x_wconf 93' lang='lat' dir='ltr'>eius</span> <span class='ocrx_word' id='word_1_237' title='bbox 966 2907 1128 2980; x_wconf 89' lang='lat' dir='ltr'>uoluntas,</span> <span class='ocrx_word' id='word_1_238' title='bbox 1158 2908 1210 2987; x_wconf 92' lang='lat' dir='ltr'>qui</span> <span class='ocrx_word' id='word_1_239' title='bbox 1241 2925 1305 2966; x_wconf 91' lang='lat' dir='ltr'>non</span> 
     </span>
     <span class='ocr_line' id='line_1_26' title="bbox 89 3013 1346 3098; baseline -0.002 -19"><span class='ocrx_word' id='word_1_240' title='bbox 89 3038 160 3098; x_wconf 90' lang='lat' dir='ltr'>quae</span> <span class='ocrx_word' id='word_1_241' title='bbox 182 3019 285 3082; x_wconf 90' lang='lat' dir='ltr'>facilia</span> <span class='ocrx_word' id='word_1_242' title='bbox 307 3028 380 3080; x_wconf 89' lang='lat' dir='ltr'>sunt</span> <span class='ocrx_word' id='word_1_243' title='bbox 403 3019 603 3098; x_wconf 87' lang='lat' dir='ltr'>adgreditur,</span> <span class='ocrx_word' id='word_1_244' title='bbox 634 3017 692 3079; x_wconf 92' lang='lat' dir='ltr'>sed</span> <span class='ocrx_word' id='word_1_245' title='bbox 725 3016 791 3079; x_wconf 92' lang='lat' dir='ltr'>uult</span> <span class='ocrx_word' id='word_1_246' title='bbox 814 3015 915 3078; x_wconf 89' lang='lat' dir='ltr'>facilia</span> <span class='ocrx_word' id='word_1_247' title='bbox 937 3035 1006 3077; x_wconf 89' lang='lat' dir='ltr'>esse</span> <span class='ocrx_word' id='word_1_248' title='bbox 1029 3035 1110 3096; x_wconf 92' lang='lat' dir='ltr'>quae</span> <span class='ocrx_word' id='word_1_249' title='bbox 1134 3013 1305 3093; x_wconf 88' lang='lat' dir='ltr'>adgressus</span> <span class='ocrx_word' id='word_1_250' title='bbox 1321 3039 1346 3080; x_wconf 78' lang='lat' dir='ltr'>m</span> 
     </span>
    </p>

    <p class='ocr_par' dir='ltr' id='par_1_6' title="bbox 64 3119 1306 3526">
     <span class='ocr_line' id='line_1_27' title="bbox 64 3119 1304 3208; baseline -0.008 -19"><span class='ocrx_word' id='word_1_251' title='bbox 64 3135 137 3189; x_wconf 77' lang='lat' dir='ltr'>test.</span> <span class='ocrx_word' id='word_1_252' title='bbox 167 3129 313 3208; x_wconf 90' lang='lat' dir='ltr'>quotiens</span> <span class='ocrx_word' id='word_1_253' title='bbox 336 3125 453 3206; x_wconf 92' lang='lat' dir='ltr'>aliquid</span> <span class='ocrx_word' id='word_1_254' title='bbox 476 3123 649 3196; x_wconf 89' lang='lat' dir='ltr'>conaberis,</span> <span class='ocrx_word' id='word_1_255' title='bbox 674 3131 707 3185; x_wconf 92' lang='lat' dir='ltr'>te</span> <span class='ocrx_word' id='word_1_256' title='bbox 726 3121 819 3185; x_wconf 93' lang='lat' dir='ltr'>simul</span> <span class='ocrx_word' id='word_1_257' title='bbox 841 3131 874 3184; x_wconf 92' lang='lat' dir='ltr'>et</span> <span class='ocrx_word' id='word_1_258' title='bbox 898 3141 936 3184; x_wconf 90' lang='lat' dir='ltr'>ea</span> <span class='ocrx_word' id='word_1_259' title='bbox 959 3141 1040 3204; x_wconf 90' lang='lat' dir='ltr'>quae</span> <span class='ocrx_word' id='word_1_260' title='bbox 1063 3139 1155 3201; x_wconf 92' lang='lat' dir='ltr'>paras</span> <span class='ocrx_word' id='word_1_261' title='bbox 1178 3119 1304 3201; x_wconf 90' lang='lat' dir='ltr'>quibus-</span> 
     </span>
     <span class='ocr_line' id='line_1_28' title="bbox 89 3227 1306 3314; baseline -0.006 -22"><span class='ocrx_word' id='word_1_262' title='bbox 89 3251 142 3310; x_wconf 91' lang='lat' dir='ltr'>que</span> <span class='ocrx_word' id='word_1_263' title='bbox 162 3234 282 3314; x_wconf 85' lang='lat' dir='ltr'>pararis</span> <span class='ocrx_word' id='word_1_264' title='bbox 304 3234 374 3313; x_wconf 90' lang='lat' dir='ltr'>ipse</span> <span class='ocrx_word' id='word_1_265' title='bbox 397 3232 516 3293; x_wconf 86' lang='lat' dir='ltr'>metire.</span> <span class='ocrx_word' id='word_1_266' title='bbox 548 3228 641 3292; x_wconf 87' lang='lat' dir='ltr'>faciet</span> <span class='ocrx_word' id='word_1_267' title='bbox 665 3231 748 3291; x_wconf 90' lang='lat' dir='ltr'>enim</span> <span class='ocrx_word' id='word_1_268' title='bbox 772 3239 805 3291; x_wconf 89' lang='lat' dir='ltr'>te</span> <span class='ocrx_word' id='word_1_269' title='bbox 823 3249 970 3309; x_wconf 84' lang='lat' dir='ltr'>asperum</span> <span class='ocrx_word' id='word_1_270' title='bbox 986 3229 1179 3309; x_wconf 87' lang='lat' dir='ltr'>paenitentia</span> <span class='ocrx_word' id='word_1_271' title='bbox 1202 3227 1306 3307; x_wconf 91' lang='lat' dir='ltr'>operis</span> 
     </span>
     <span class='ocr_line' id='line_1_29' title="bbox 90 3332 1306 3424; baseline -0.002 -28"><span class='ocrx_word' id='word_1_272' title='bbox 90 3336 191 3402; x_wconf 90' lang='lat' dir='ltr'>infecti.</span> <span class='ocrx_word' id='word_1_273' title='bbox 230 3337 294 3400; x_wconf 95' lang='lat' dir='ltr'>hoc</span> <span class='ocrx_word' id='word_1_274' title='bbox 316 3341 447 3401; x_wconf 89' lang='lat' dir='ltr'>interest</span> <span class='ocrx_word' id='word_1_275' title='bbox 469 3346 574 3399; x_wconf 91' lang='lat' dir='ltr'>utrum</span> <span class='ocrx_word' id='word_1_276' title='bbox 598 3338 668 3418; x_wconf 88' lang='lat' dir='ltr'>quis</span> <span class='ocrx_word' id='word_1_277' title='bbox 691 3335 801 3424; x_wconf 84' lang='lat' dir='ltr'>feruidi</span> <span class='ocrx_word' id='word_1_278' title='bbox 825 3337 866 3398; x_wconf 93' lang='lat' dir='ltr'>sit</span> <span class='ocrx_word' id='word_1_279' title='bbox 889 3337 993 3416; x_wconf 84' lang='lat' dir='ltr'>ingeni</span> <span class='ocrx_word' id='word_1_280' title='bbox 1021 3354 1061 3396; x_wconf 86' lang='lat' dir='ltr'>an</span> <span class='ocrx_word' id='word_1_281' title='bbox 1084 3332 1187 3414; x_wconf 86' lang='lat' dir='ltr'>frigidi</span> <span class='ocrx_word' id='word_1_282' title='bbox 1211 3343 1306 3414; x_wconf 89' lang='lat' dir='ltr'>atque</span> 
     </span>
     <span class='ocr_line' id='line_1_30' title="bbox 89 3441 1306 3526; baseline -0.002 -23"><span class='ocrx_word' id='word_1_283' title='bbox 89 3441 220 3508; x_wconf 90' lang='lat' dir='ltr'>humilis:</span> <span class='ocrx_word' id='word_1_284' title='bbox 265 3464 422 3526; x_wconf 89' lang='lat' dir='ltr'>generoso</span> <span class='ocrx_word' id='word_1_285' title='bbox 462 3443 586 3523; x_wconf 90' lang='lat' dir='ltr'>repulsa</span> <span class='ocrx_word' id='word_1_286' title='bbox 624 3445 703 3504; x_wconf 92' lang='lat' dir='ltr'>iram</span> <span class='ocrx_word' id='word_1_287' title='bbox 742 3445 916 3522; x_wconf 88' lang='lat' dir='ltr'>exprimet,</span> <span class='ocrx_word' id='word_1_288' title='bbox 964 3441 1114 3522; x_wconf 85' lang='lat' dir='ltr'>languido</span> <span class='ocrx_word' id='word_1_289' title='bbox 1152 3442 1306 3521; x_wconf 90' lang='lat' dir='ltr'>inertique</span> 
     </span>
    </p>
   </div>
   <div class='ocr_carea' id='block_1_3' title="bbox 91 3561 292 3570">
    <p class='ocr_par' dir='ltr' id='par_1_7' title="bbox 91 3561 292 3570">
     <span class='ocr_line' id='line_1_31' title="bbox 91 3561 292 3570; baseline -0.01 1"><span class='ocrx_word' id='word_1_290' title='bbox 91 3561 292 3570; x_wconf 72' lang='lat'><em>-·——-.-.-.</em></span> 
     </span>
    </p>
   </div>
   <div class='ocr_carea' id='block_1_4' title="bbox 92 3613 1216 3690">
    <p class='ocr_par' dir='ltr' id='par_1_8' title="bbox 92 3613 1216 3690">
     <span class='ocr_line' id='line_1_32' title="bbox 92 3613 1216 3690; baseline -0.004 -20"><span class='ocrx_word' id='word_1_291' title='bbox 92 3619 100 3670; x_wconf 86' lang='lat' dir='ltr'>i</span> <span class='ocrx_word' id='word_1_292' title='bbox 120 3623 139 3670; x_wconf 87' lang='lat' dir='ltr'>si</span> <span class='ocrx_word' id='word_1_293' title='bbox 155 3637 231 3687; x_wconf 84' lang='lat' dir='ltr'>neque</span> <span class='ocrx_word' id='word_1_294' title='bbox 250 3618 346 3690; x_wconf 64' lang='lat' dir='ltr'>numo:</span> <span class='ocrx_word' id='word_1_295' title='bbox 367 3621 419 3668; x_wconf 87' lang='lat' dir='ltr'>sine</span> <span class='ocrx_word' id='word_1_296' title='bbox 437 3635 485 3684; x_wconf 90' lang='lat' dir='ltr'>quo</span> <span class='ocrx_word' id='word_1_297' title='bbox 582 3619 597 3671; x_wconf 80' lang='lat' dir='ltr'>u</span> <span class='ocrx_word' id='word_1_298' title='bbox 618 3618 693 3667; x_wconf 82' lang='lat' dir='ltr'>aliubi</span> <span class='ocrx_word' id='word_1_299' title='bbox 713 3615 826 3670; x_wconf 80' lang='lat' dir='ltr'>Fr&#39;clrrrt</span> <span class='ocrx_word' id='word_1_300' title='bbox 844 3631 883 3670; x_wconf 79' lang='lat' dir='ltr'>cx</span> <span class='ocrx_word' id='word_1_301' title='bbox 901 3614 1002 3672; x_wconf 73' lang='lat' dir='ltr'>codice,</span> <span class='ocrx_word' id='word_1_302' title='bbox 1022 3615 1113 3665; x_wconf 84' lang='lat' dir='ltr'>alicubi</span> <span class='ocrx_word' id='word_1_303' title='bbox 1132 3613 1216 3684; x_wconf 73' lang='lat' dir='ltr'>rrulqo</span> 
     </span>
    </p>
   </div>
   <div class='ocr_carea' id='block_1_5' title="bbox 90 3689 1315 3920">
    <p class='ocr_par' dir='ltr' id='par_1_9' title="bbox 90 3689 1315 3920">
     <span class='ocr_line' id='line_1_33' title="bbox 90 3689 1315 3794; baseline -0.007 -19"><span class='ocrx_word' id='word_1_304' title='bbox 90 3721 104 3773; x_wconf 80' lang='lat'><em>8</em></span> <span class='ocrx_word' id='word_1_305' title='bbox 120 3727 211 3791; x_wconf 71' lang='lat' dir='ltr'>querele</span> <span class='ocrx_word' id='word_1_306' title='bbox 230 3727 265 3794; x_wconf 88' lang='lat' dir='ltr'>(le</span> <span class='ocrx_word' id='word_1_307' title='bbox 284 3741 365 3792; x_wconf 66' lang='lat' dir='ltr'>corr,</span> <span class='ocrx_word' id='word_1_308' title='bbox 382 3721 438 3790; x_wconf 82' lang='lat' dir='ltr'>fuit</span> <span class='ocrx_word' id='word_1_309' title='bbox 456 3725 498 3789; x_wconf 80' lang='lat' dir='ltr'>lle)</span> <span class='ocrx_word' id='word_1_310' title='bbox 595 3699 724 3789; x_wconf 78' lang='lat' dir='ltr'>aliu⁸spem</span> <span class='ocrx_word' id='word_1_311' title='bbox 745 3725 767 3788; x_wconf 77' lang='lat' dir='ltr'>(s</span> <span class='ocrx_word' id='word_1_312' title='bbox 783 3720 850 3790; x_wconf 72' lang='lat' dir='ltr'>(ort.</span> <span class='ocrx_word' id='word_1_313' title='bbox 871 3737 903 3773; x_wconf 92' lang='lat' dir='ltr'>m.</span> <span class='ocrx_word' id='word_1_314' title='bbox 919 3722 976 3791; x_wconf 81' lang='lat' dir='ltr'>pr.)</span> <span class='ocrx_word' id='word_1_315' title='bbox 1086 3721 1115 3772; x_wconf 83' lang='lat' dir='ltr'>ifl</span> <span class='ocrx_word' id='word_1_316' title='bbox 1133 3725 1161 3771; x_wconf 73' lang='lat' dir='ltr'>ta</span> <span class='ocrx_word' id='word_1_317' title='bbox 1181 3721 1216 3787; x_wconf 80' lang='lat' dir='ltr'>(in</span> <span class='ocrx_word' id='word_1_318' title='bbox 1237 3689 1315 3787; x_wconf 32' lang='lat' dir='ltr'>rus.)-</span> 
     </span>
     <span class='ocr_line' id='line_1_34' title="bbox 168 3807 1306 3920; baseline -0.01 -52"><span class='ocrx_word' id='word_1_319' title='bbox 168 3815 197 3868; x_wconf 80' lang='lat'>16</span> <span class='ocrx_word' id='word_1_320' title='bbox 216 3817 358 3882; x_wconf 84' lang='lat' dir='ltr'>appetituril</span> <span class='ocrx_word' id='word_1_321' title='bbox 378 3813 507 3920; x_wconf 79' lang='lat' dir='ltr'>(prr&#39;orpt</span> <span class='ocrx_word' id='word_1_322' title='bbox 521 3814 605 3880; x_wconf 84' lang='lat' dir='ltr'>corr.)</span> <span class='ocrx_word' id='word_1_323' title='bbox 687 3812 719 3864; x_wconf 73' lang='lat' dir='ltr'>li</span> <span class='ocrx_word' id='word_1_324' title='bbox 739 3819 763 3860; x_wconf 91' lang='lat' dir='ltr'>at</span> <span class='ocrx_word' id='word_1_325' title='bbox 784 3811 878 3878; x_wconf 79' lang='lat' dir='ltr'>(corr.)</span> <span class='ocrx_word' id='word_1_326' title='bbox 967 3809 997 3865; x_wconf 81' lang='lat' dir='ltr'>l8</span> <span class='ocrx_word' id='word_1_327' title='bbox 1019 3813 1042 3860; x_wconf 86' lang='lat' dir='ltr'>in</span> <span class='ocrx_word' id='word_1_328' title='bbox 1061 3811 1186 3876; x_wconf 85' lang='lat' dir='ltr'>proximos</span> <span class='ocrx_word' id='word_1_329' title='bbox 1208 3807 1260 3861; x_wconf 50' lang='grc' dir='ltr'>Εἰς</span> <span class='ocrx_word' id='word_1_330' title='bbox 1282 3811 1306 3858; x_wconf 91' lang='lat' dir='ltr'>in</span> 
     </span>
    </p>
   </div>
   <div class='ocr_carea' id='block_1_6' title="bbox 90 3940 1309 4466">
    <p class='ocr_par' dir='ltr' id='par_1_10' title="bbox 90 3940 1309 4290">
     <span class='ocr_line' id='line_1_35' title="bbox 91 3940 1309 4025; baseline -0.003 -19"><span class='ocrx_word' id='word_1_331' title='bbox 91 3971 177 4019; x_wconf 71' lang='lat' dir='ltr'>ptumo</span> <span class='ocrx_word' id='word_1_332' title='bbox 265 3957 298 4010; x_wconf 78' lang='lat'>23</span> <span class='ocrx_word' id='word_1_333' title='bbox 319 3963 374 4022; x_wconf 84' lang='lat' dir='ltr'>atq;</span> <span class='ocrx_word' id='word_1_334' title='bbox 396 3953 460 4025; x_wconf 76' lang='lat' dir='ltr'>(suit</span> <span class='ocrx_word' id='word_1_335' title='bbox 479 3940 542 4022; x_wconf 78' lang='lat' dir='ltr'>adq3</span> <span class='ocrx_word' id='word_1_336' title='bbox 564 3953 663 4008; x_wconf 77' lang='lat' dir='ltr'>deinde</span> <span class='ocrx_word' id='word_1_337' title='bbox 681 3969 719 4008; x_wconf 78' lang='lat' dir='ltr'>ea:</span> <span class='ocrx_word' id='word_1_338' title='bbox 738 3951 849 4022; x_wconf 80' lang='lat' dir='ltr'>dsacfa</span> <span class='ocrx_word' id='word_1_339' title='bbox 868 3954 888 4018; x_wconf 86' lang='lat' dir='ltr'>t)</span> <span class='ocrx_word' id='word_1_340' title='bbox 974 3954 1098 4003; x_wconf 82' lang='lat' dir='ltr'>adducunt</span> <span class='ocrx_word' id='word_1_341' title='bbox 1118 3950 1214 4020; x_wconf 65' lang='lat' dir='ltr'>Neam,</span> <span class='ocrx_word' id='word_1_342' title='bbox 1233 3948 1309 4019; x_wconf 78' lang='lat' dir='ltr'>quod</span> 
     </span>
     <span class='ocr_line' id='line_1_36' title="bbox 91 4036 1307 4114; baseline -0.002 -22"><span class='ocrx_word' id='word_1_343' title='bbox 91 4051 158 4097; x_wconf 79' lang='lat' dir='ltr'>recte</span> <span class='ocrx_word' id='word_1_344' title='bbox 176 4044 283 4114; x_wconf 83' lang='lat' dir='ltr'>Lr&#39;prr&#39;us</span> <span class='ocrx_word' id='word_1_345' title='bbox 302 4046 461 4106; x_wconf 82' lang='lat' dir='ltr'>contrahunt,</span> <span class='ocrx_word' id='word_1_346' title='bbox 481 4046 607 4094; x_wconf 79' lang='lat' dir='ltr'>incururmt</span> <span class='ocrx_word' id='word_1_347' title='bbox 626 4044 836 4111; x_wconf 61' lang='lat' dir='ltr'>interpretatum</span> <span class='ocrx_word' id='word_1_348' title='bbox 863 4044 985 4092; x_wconf 83' lang='lat' dir='ltr'>abducunt</span> <span class='ocrx_word' id='word_1_349' title='bbox 1005 4057 1064 4094; x_wconf 81' lang='lat' dir='ltr'>cum</span> <span class='ocrx_word' id='word_1_350' title='bbox 1084 4038 1177 4093; x_wconf 77' lang='lat' dir='ltr'>codice</span> <span class='ocrx_word' id='word_1_351' title='bbox 1196 4036 1307 4091; x_wconf 77' lang='lat' dir='ltr'>Fickert</span> 
     </span>
     <span class='ocr_line' id='line_1_37' title="bbox 90 4128 1200 4204; baseline -0.004 -22"><span class='ocrx_word' id='word_1_352' title='bbox 90 4135 114 4183; x_wconf 82' lang='lat' dir='ltr'>et</span> <span class='ocrx_word' id='word_1_353' title='bbox 137 4131 239 4194; x_wconf 82' lang='lat' dir='ltr'>Haase,</span> <span class='ocrx_word' id='word_1_354' title='bbox 268 4131 343 4204; x_wconf 82' lang='lat' dir='ltr'>qumi</span> <span class='ocrx_word' id='word_1_355' title='bbox 366 4130 593 4202; x_wconf 78' lang='lat' dir='ltr'>quemadmodum</span> <span class='ocrx_word' id='word_1_356' title='bbox 618 4147 678 4184; x_wconf 84' lang='lat' dir='ltr'>cum</span> <span class='ocrx_word' id='word_1_357' title='bbox 705 4137 816 4195; x_wconf 85' lang='lat' dir='ltr'>premunt</span> <span class='ocrx_word' id='word_1_358' title='bbox 840 4128 984 4182; x_wconf 76' lang='lat' dir='ltr'>corrrtmr&#39;at</span> <span class='ocrx_word' id='word_1_359' title='bbox 1006 4145 1060 4184; x_wconf 83' lang='lat' dir='ltr'>non</span> <span class='ocrx_word' id='word_1_360' title='bbox 1085 4137 1200 4197; x_wconf 78' lang='lat' dir='ltr'>apparet</span> 
     </span>
     <span class='ocr_line' id='line_1_38' title="bbox 90 4217 1305 4290; baseline -0.002 -21"><span class='ocrx_word' id='word_1_361' title='bbox 90 4221 272 4273; x_wconf 62' lang='lat' dir='ltr'>{ministrantem</span> <span class='ocrx_word' id='word_1_362' title='bbox 294 4223 322 4290; x_wconf 72' lang='grc'>(9.</span> <span class='ocrx_word' id='word_1_363' title='bbox 340 4221 424 4288; x_wconf 80' lang='lat' dir='ltr'>corr.)</span> <span class='ocrx_word' id='word_1_364' title='bbox 521 4221 554 4274; x_wconf 73' lang='lat'>25</span> <span class='ocrx_word' id='word_1_365' title='bbox 575 4222 658 4270; x_wconf 84' lang='lat' dir='ltr'>facilia</span> <span class='ocrx_word' id='word_1_366' title='bbox 679 4220 714 4287; x_wconf 82' lang='lat' dir='ltr'>(ia</span> <span class='ocrx_word' id='word_1_367' title='bbox 733 4219 817 4286; x_wconf 80' lang='lat' dir='ltr'>corr.)</span> <span class='ocrx_word' id='word_1_368' title='bbox 915 4221 1058 4284; x_wconf 85' lang='lat' dir='ltr'>aggreditur</span> <span class='ocrx_word' id='word_1_369' title='bbox 1077 4217 1166 4286; x_wconf 77' lang='lat' dir='ltr'>(prior</span> <span class='ocrx_word' id='word_1_370' title='bbox 1185 4234 1201 4281; x_wconf 88' lang='lat' dir='ltr'>g</span> <span class='ocrx_word' id='word_1_371' title='bbox 1221 4217 1305 4280; x_wconf 83' lang='lat' dir='ltr'>corr.)</span> 
     </span>
    </p>

    <p class='ocr_par' dir='ltr' id='par_1_11' title="bbox 91 4305 1306 4466">
     <span class='ocr_line' id='line_1_39' title="bbox 180 4305 1306 4380; baseline -0.004 -21"><span class='ocrx_word' id='word_1_372' title='bbox 180 4327 302 4376; x_wconf 84' lang='lat' dir='ltr'>aggressus</span> <span class='ocrx_word' id='word_1_373' title='bbox 322 4317 357 4362; x_wconf 87' lang='lat' dir='ltr'>est</span> <span class='ocrx_word' id='word_1_374' title='bbox 376 4309 468 4380; x_wconf 73' lang='lat' dir='ltr'>(prior</span> <span class='ocrx_word' id='word_1_375' title='bbox 487 4326 504 4374; x_wconf 84' lang='lat' dir='ltr'>g</span> <span class='ocrx_word' id='word_1_376' title='bbox 523 4307 606 4375; x_wconf 82' lang='lat' dir='ltr'>corr.)</span> <span class='ocrx_word' id='word_1_377' title='bbox 706 4309 740 4362; x_wconf 84' lang='lat' dir='ltr'>2b&#39;</span> <span class='ocrx_word' id='word_1_378' title='bbox 759 4309 852 4372; x_wconf 88' lang='lat' dir='ltr'>aliquid</span> <span class='ocrx_word' id='word_1_379' title='bbox 873 4309 899 4374; x_wconf 89' lang='lat' dir='ltr'>(d</span> <span class='ocrx_word' id='word_1_380' title='bbox 919 4322 956 4360; x_wconf 72' lang='lat' dir='ltr'>ex</span> <span class='ocrx_word' id='word_1_381' title='bbox 976 4315 984 4357; x_wconf 90' lang='lat' dir='ltr'>t</span> <span class='ocrx_word' id='word_1_382' title='bbox 1004 4305 1086 4372; x_wconf 79' lang='lat' dir='ltr'>corr.)</span> <span class='ocrx_word' id='word_1_383' title='bbox 1178 4305 1211 4358; x_wconf 66' lang='lat' dir='ltr'>{ld</span> <span class='ocrx_word' id='word_1_384' title='bbox 1230 4306 1306 4370; x_wconf 87' lang='lat' dir='ltr'>igenii</span> 
     </span>
     <span class='ocr_line' id='line_1_40' title="bbox 91 4397 492 4466; baseline 0.002 -19"><span class='ocrx_word' id='word_1_385' title='bbox 91 4397 108 4459; x_wconf 86' lang='lat' dir='ltr'>(t</span> <span class='ocrx_word' id='word_1_386' title='bbox 126 4399 206 4466; x_wconf 83' lang='lat' dir='ltr'>corr.)</span> <span class='ocrx_word' id='word_1_387' title='bbox 277 4407 328 4465; x_wconf 85' lang='lat' dir='ltr'>atq;</span> <span class='ocrx_word' id='word_1_388' title='bbox 351 4400 387 4465; x_wconf 62' lang='grc' dir='ltr'>(φ</span> <span class='ocrx_word' id='word_1_389' title='bbox 410 4399 492 4462; x_wconf 75' lang='lat' dir='ltr'>corr.)</span> 
     </span>
    </p>
   </div>
   <div class='ocr_carea' id='block_1_7' title="bbox 0 0 1610 5326">
    <p class='ocr_par' dir='ltr' id='par_1_12' title="bbox 0 0 1610 5326">
     <span class='ocr_line' id='line_1_41' title="bbox 0 0 1610 5326; baseline 0 1"><span class='ocrx_word' id='word_1_390' title='bbox 0 0 1610 5326; x_wconf 95' lang='lat' dir='ltr'> </span> 
     </span>
    </p>
   </div>
  </div>
 </body>
</html>
