3234 5336
336 365 559 408 CON'l'VMELlAM
579 365 725 408 accitana
745 363 925 406 SAPIENTEM.
946 363 974 404 X.
991 363 1031 404 xl.
1253 368 1293 427 27

89 513 135 574 sibi
164 521 193 573 et
223 513 326 574 omnis
359 510 432 586 haS,
464 533 541 593 quas
572 532 635 574 non
665 511 803 574 miserias
834 511 1010 574 animorum
1047 511 1103 570 sed
1135 505 1295 570 molestias

63 633 74 684 t
90 619 214 692 dixerim,
238 639 302 679 non
328 619 424 680 uincit
445 620 501 681 sed
519 638 558 680 ne
574 619 667 680 sentit
683 618 825 698 quidem.¹
858 615 916 678 alia
936 623 1008 678 sunt
1024 615 1108 696 quae
1121 615 1295 696 sapientem

88 725 191 800 feriunt,
215 725 309 786 etiarn
334 725 359 786 si
383 745 447 787 non
471 733 663 808 peruertunt‚
688 733 722 786 ut
738 723 830 786 dolor
855 722 994 804 corporis
1019 731 1050 784 et
1075 721 1218 784 debilitas
1242 729 1296 784 aut

89 833 242 893 amicorum
267 829 500 912 liberorumque
524 831 650 893 amissio
667 839 698 893 et
714 831 833 912 patriae
850 829 934 890 bello
951 827 1110 909 flagrantis
1127 827 1295 891 calamitas.

89 938 153 1000 haec
168 958 227 1000 non
244 957 328 1018 nego
344 939 460 1000 sentire
476 939 659 1020 sapientem.
682 958 741 998 nec
757 937 839 998 enim
858 935 965 1017 lapidis
981 935 1021 997 illi
1031 935 1175 998 duritiam
1186 933 1322 996 ferriuea

89 1045 253 1107 adserimus.
303 1043 387 1106 nulla
415 1045 510 1106 uirtus
535 1054 591 1118 est,
615 1064 695 1124 quac
720 1063 782 1105 non
807 1043 921 1104 sentias
949 1042 1078 1124 perpeti.
1118 1041 1193 1122 quid
1217 1061 1296 1121 ergo

89 1155 145 1214 est?
168 1149 323 1231 quosdam
340 1151 419 1212 ictus
436 1151 552 1233 recipit,
569 1152 626 1212 sed
642 1159 788 1232 receptos
797 1149 911 1210 euincit
928 1157 959 1212 et
975 1159 1064 1210 sanat
1081 1157 1112 1209 et
1122 1147 1297 1230 conprimit.

90 1257 156 1319 haec
177 1277 251 1319 uero
276 1258 400 1319 minora
422 1278 462 1320 ne
478 1257 573 1320 sentit
589 1258 716 1340 quidem
741 1277 799 1318 nec
816 1257 966 1318 aduersus
990 1275 1028 1318 ea
1051 1255 1143 1317 solita
1166 1255 1217 1316 illa
1235 1254 1293 1316 uir·

91 1375 147 1427 tute
162 1365 253 1426 utitur
270 1364 349 1426 dura
364 1364 529 1440 tolerandi,
554 1365 610 1426 sed
628 1373 681 1425 aut
702 1383 765 1424 non
782 1365 915 1425 adnotat
939 1373 992 1424 aut
1009 1363 1103 1443 digna
1121 1363 1181 1423 risu
1198 1369 1297 1443 putat.

66 1483 69 1532 Ι
166 1471 215 1532 ΧΙ.
248 1471 413 1532 Praeterea
445 1491 516 1532 cum
550 1490 698 1550 magnam
731 1479 853 1550 partem
887 1468 1145 1533 contumeliarum
1170 1467 1296 1549 superbi
1314 1486 1336 1526 u

88 1577 304 1658 insolentesque
329 1577 442 1639 faciant
467 1586 498 1639 et
522 1575 604 1639 male
628 1576 806 1638 felicitatem
831 1576 979 1650 ferenteS,
1003 1573 1100 1637 habet
1124 1595 1188 1657 quo
1212 1573 1297 1636 illum

88 1683 231 1746 adfectum
256 1683 399 1745 inflatum
425 1669 559 1765 respuat,
584 1682 825 1764 pulcherrimam
851 1683 997 1744 uirtutem
1015 1681 1156 1756 omniurn
1175 1681 1298 1760 [animil

88 1791 383 1870 magnanimitatem:
415 1789 473 1864 illa,
497 1790 649 1870 quidquid
674 1789 827 1852 eiusmodi
852 1797 912 1864 est,
940 1790 1121 1850 transcurrit
1145 1797 1178 1850 ut
1203 1807 1299 1850 uanas

87 1897 193 1978 species
223 1897 420 1960 somniorum
450 1897 595 1976 uisusque
626 1905 798 1958 nocturnos
822 1894 895 1956 nihil
919 1895 1063 1956 habentis
1092 1881 1182 1956 solidi
1206 1903 1300 1976 atque

61 2004 151 2067 tueri.
197 2002 288 2064 simul
313 2002 388 2065 illud
412 2003 537 2084 cogitat,
562 2021 673 2064 omnes
697 2001 856 2064 inferiores
880 2021 962 2076 esse,
985 2021 1080 2083 quarn
1105 2009 1139 2062 ut
1163 2000 1220 2064 illis
1243 2021 1296 2062 au·
1315 2021 1338 2062 u>

87 2110 167 2171 dacia
188 2111 226 2172 sit
249 2118 340 2172 tanto
365 2109 540 2172 excelsiora
555 2111 724 2190 despicere.
768 2108 958 2172 contumelia
978 2116 1198 2190 acontemptu
1215 2108 1298 2170 dicta

87 2224 139 2290 est,
168 2217 237 2296 quia
268 2236 365 2278 nerno
397 2217 452 2277 nisi
485 2236 580 2296 quem
612 2216 814 2294 contempsit,
846 2215 899 2276 tali
930 2215 1036 2276 iniuria
1058 2223 1155 2277 notat.
1203 2233 1298 2276 nemo

87 2331 180 2384 autem
218 2323 372 2384 maiorem
404 2321 631 2402 melioremque
664 2323 851 2396 contemnit,
890 2323 984 2384 etiam
1015 2321 1040 2383 si
1072 2319 1144 2382 facit
1175 2318 1298 2402 aliquid,

87 2429 161 2508 quod
184 2437 424 2491 contemnentes
448 2427 569 2491 solent:
611 2449 684 2490 nam
709 2439 741 2491 et
764 2429 851 2511 pueri
875 2449 912 2490 os
935 2429 1110 2511 parentium
1134 2426 1247 2490 feriunt
1268 2435 1299 2488 et

88 2535 174 2596 crines
200 2535 308 2597 matris
337 2535 474 2596 turbauit
507 2533 717 2616 lacerabitque
749 2534 848 2598 infans
880 2543 912 2598 et
942 2545 1036 2617 sputo
1067 2534 1223 2615 adspersit
1246 2541 1299 2596 aut
1314 2553 1339 2594 20

42 2717 45 2724 Ι
89 2642 203 2702 nudauit
226 2642 255 2702 in
280 2651 453 2721 conspectu
478 2661 607 2703 suorum
632 2643 770 2722 tegenda
795 2651 826 2704 et
850 2642 954 2704 uerbis
978 2640 1213 2704 obscenioribus
1236 2660 1300 2702 non

89 2749 221 2827 pepercit.
268 2757 301 2808 et
330 2746 404 2808 nihil
428 2747 541 2809 horum
567 2748 790 2810 contumeliam
816 2748 956 2810 dicimus.
1001 2751 1115 2828 quare?
1154 2747 1226 2827 quia
1248 2747 1301 2827 qui

62 2859 73 2910 3
90 2851 159 2927 fecit,
172 2863 377 2916 contemnere
393 2874 456 2915 non
473 2863 588 2936 potest.
620 2857 732 2916 eadem
745 2875 843 2922 causa
860 2864 915 2929 est,
932 2875 986 2917 cur
1001 2875 1059 2916 nos
1076 2854 1299 2934 mancipiorum

90 2969 255 3022 nostrorum
292 2959 456 3022 'urbanitas
492 2961 522 3022 in
559 2961 706 3024 dominos
738 2961 967 3024 contumeliosa
990 2960 1135 3034 delectet,
1155 2975 1300 3040 quorum

89 3067 206 3128 audacia
229 3067 272 3128 ita
297 3067 426 3128 demum
450 3066 508 3128 sibi
531 3067 562 3128 in
586 3069 734 3129 conuiuas
757 3069 802 3130 ius
826 3067 912 3142 facit,
943 3067 967 3128 si
991 3067 1096 3148 coepit
1119 3087 1137 3128 a
1162 3053 1300 3128 domino,
1315 3086 1341 3126 rs

89 3180 116 3230 et
145 3181 174 3233 ut
203 3174 337 3253 quisque
369 3173 655 3255 contemptissimus
687 3183 718 3238 et
751 3184 783 3236 ut
816 3172 951 3236 ludibrio
984 3173 1124 3236 maxime
1156 3182 1219 3247 est,
1259 3173 1301 3234 ita

92 3276 288 3341 solutissimae
313 3279 436 3360 linguae
462 3289 518 3341 est.
555 3300 670 3362 pueros
686 3281 814 3362 quidam
832 3280 862 3342 in
878 3281 940 3342 hoc
956 3289 1134 3343 mercantur
1149 3299 1301 3360 procaces

88 3393 116 3444 et
138 3382 256 3446 illorum
281 3386 497 3466 inpudentiam
522 3395 637 3450 acuunt
661 3409 697 3450 ac
720 3387 779 3448 sub
796 3387 949 3468 magistro
966 3387 1094 3461 habent,
1117 3386 1168 3468 qui
1185 3384 1302 3468 probra

88 3491 228 3553 meditate
262 3491 440 3565 effundant,
472 3512 532 3554 nec
555 3493 611 3555 has
634 3493 841 3556 contumelias
865 3512 1029 3568 uocamus,
1060 3494 1118 3556 sed
1141 3491 1297 3574 argutias:

106 3635 112 3640 ·
135 3637 288 3646 --——...-.--

87 3726 244 3809 ‘lsentitllde
334 3759 349 3808 fi
370 3754 417 3824 illi}
510 3719 680 3826 baliscrimus
770 3763 858 3810 sentias
878 3755 905 3811 Ε
911 3761 932 3808 ¹:
954 3760 1041 3808 sentiat
1126 3757 1302 3823 icomprimit

169 3863 195 3916 10
213 3867 325 3915 Preterea
415 3868 441 3919 tl
462 3861 492 3933 q⁰
508 3869 553 3920 illu
569 3869 660 3920 affectu
674 3866 742 3930 cod,
757 3866 817 3919 ilem
831 3863 963 3927 Muretus,
982 3863 1065 3934 uulqo
1079 3867 1149 3913 istum
1164 3863 1201 3931 (in
1215 3879 1301 3934 marq.

87 3943 114 4014 q⁰
128 3951 171 4002 tun
190 3955 278 4004 affectft
297 3957 360 4006 nal
381 3953 499 4018 fierualt)
614 3954 641 4007 l‘.’
663 3953 772 4020 [animil,
799 3953 1028 4016 magnanimitatem
1050 3948 1157 4004 Haase:
1180 3951 1255 3999 animi
1275 3948 1302 4000 ln

84 4037 135 4102 stuc
159 4055 267 4104 amaus,
292 4057 377 4110 supra
403 4057 511 4095 rursum
537 4057 691 4096 excurrens
716 4057 749 4096 m.
777 4057 829 4094 rec.
856 4037 965 4092 addidit
990 4040 1133 4100 sanitatem,
1163 4037 1238 4091 initio
1263 4037 1301 4090 iu-

87 4145 214 4212 sequentis
232 4163 328 4202 uersus
346 4132 593 4213 magulanirnitatem,
613 4165 694 4218 qaum
713 4163 806 4200 uocem
826 4149 889 4199 nat
909 4146 935 4198 rii
956 4144 1079 4216 marqioe
1098 4143 1208 4198 iuram

92 4285 116 4335 lii
135 4287 246 4352 quicquid
343 4289 370 4340 lfi
390 4307 405 4338 a
424 4296 547 4340 contemtu
638 4291 664 4341 li
684 4291 813 4340 contemsit
903 4287 937 4340 ‘26
956 4245 1171 4352 contemptIssirlris
1195 4285 1301 4354 (maran

87 4377 146 4425 aad
166 4374 376 4443 contemptissim')
467 4385 490 4428 et
509 4384 533 4428 ut
553 4380 660 4428 maxime
679 4380 785 4427 ludibrio
806 4384 839 4427 est
861 4374 910 4442 ff',
930 4384 953 4426 et
972 4383 996 4426 ut
1014 4377 1121 4425 ludibrio
1141 4375 1248 4423 maxime
1266 4385 1301 4422 est

89 4460 174 4516 lt'ucft:
196 4473 217 4516 et
236 4475 259 4516 ut
278 4467 408 4516 ludibrium
428 4475 462 4516 est
547 4469 581 4520 2b'
601 4468 754 4531 impudentia
838 4465 871 4518 29
891 4467 1015 4515 effundant
1028 4462 1056 4517 Ε
1061 4465 1084 4513 ¹:
1106 4464 1229 4513 effundunt
