3234 5336
159 350 232 392 IllAL.
250 351 278 394 ll.
300 351 341 392 Ao
362 348 502 392 SERENVM
517 349 578 390 NEC
594 347 686 392 INIVR.
702 345 762 387 NEC
777 343 948 388 CONTVMEL.
963 343 1059 401 ACCIP.
1074 343 1136 387 snP.
1156 343 1215 386 1.11.
1259 349 1296 408 17

65 479 158 561 tiedit
187 497 256 560 lenc
287 497 452 578 fastigium.
501 516 600 578 nuper
635 517 707 558 curn
748 495 905 557 incidisset
937 491 1056 554 mentio
1087 492 1130 554 M.
1163 489 1299 565 Catonis,

92 605 201 684 indigne
224 603 357 680 ferebas
382 605 460 668 sicut
484 625 517 666 es
541 603 708 685 iniquitatis
732 603 893 684 inpatiens,
922 601 1009 682 quod
1034 599 1190 662 Catonem
1214 607 1300 660 aetas

92 732 138 772 sua
158 731 267 792 parum
292 711 504 787 intellexisset,
528 709 615 793 quod
639 729 733 792 supra
748 709 918 790 Pompeios
943 717 974 768 et
997 706 1147 770 Caesares
1171 725 1299 788 surgen-

93 827 146 880 tem
175 816 252 880 infra
276 818 421 880 Vatinios
451 819 615 900 posuisset.
663 826 694 879 et
726 816 781 878 tibi
812 815 973 898 indignum
1003 816 1183 890 uidebatur,
1214 813 1302 896 quod

93 925 124 984 illi
152 925 329 987 dissuasuro
360 924 463 1006 legem
488 935 566 1006 toga
590 926 617 986 in
643 923 712 986 foro
737 933 819 988 esset
843 932 952 1004 erepta
979 925 1129 1004 quodque
1153 943 1171 984 a
1195 921 1329 986 rostrisn

93 1032 241 1111 usquead
266 1052 374 1094 arcum
399 1031 572 1094 Fabianum
597 1051 653 1112 per
676 1032 843 1094 seditiosae
872 1031 1013 1093 factionis
1037 1050 1148 1092 manus
1171 1029 1303 1091 traditus

93 1158 175 1199 uoces
205 1137 355 1219 inprobas
386 1146 417 1200 et
448 1147 541 1220 sputa
563 1147 595 1200 et
619 1137 721 1200 omnis
754 1137 828 1200 alias
851 1139 977 1200 insanae
1002 1136 1205 1200 multitudinis
1229 1155 1302 1196 con-

93 1244 223 1306 tumelias
246 1243 432 1326 pertulisset.

71 1357 76 1406 1
169 1352 205 1415 Il.
229 1351 314 1414 Tum
346 1372 407 1432 ego
440 1353 589 1433 respondi
619 1351 738 1414 habere
766 1359 810 1426 te,
842 1354 929 1432 qnod
961 1350 1147 1432 reipublicae
1162 1349 1305 1411 nomine

93 1458 260 1534 mouereris,
285 1479 381 1540 quam
405 1458 476 1520 hinc
499 1458 532 1521 P.
557 1457 694 1533 Clodius,
718 1458 790 1520 hinc
815 1459 957 1520 Vatinius
985 1479 1022 1520 ac
1045 1458 1198 1540 pessimus
1222 1455 1303 1537 quis·
1323 1479 1345 1520 u

93 1585 144 1644 que
167 1565 405 1627 uenumdabant
436 1574 468 1626 et
499 1585 592 1627 caeca
623 1566 792 1647 cupiditate
824 1565 960 1647 correpti
987 1586 1050 1627 non
1082 1563 1306 1645 intellegebant

89 1691 120 1731 se
141 1673 215 1733 dum
239 1673 382 1734 uendunt
410 1682 442 1735 et
470 1673 591 1734 uenire:
628 1693 685 1754 pro
717 1674 785 1754 ipso
809 1671 936 1754 quidem
962 1671 1083 1736 Catone
1107 1691 1251 1734 securum
1275 1678 1307 1731 te

95 1797 152 1839 esse
184 1779 262 1841 iussi.
310 1777 426 1840 nullam
466 1771 548 1840 enim
580 1779 754 1860 sapientem
794 1799 852 1841 nec
891 1779 1030 1841 iniuriam
1069 1779 1211 1860 accipere
1249 1797 1308 1839 nec

94 1884 306 1947 contumeliam
338 1905 449 1966 posse,
481 1884 637 1948 Catonem
675 1895 781 1948 autem
813 1885 926 1949 certius
965 1884 1130 1967 exemplar
1161 1885 1308 1967 sapientis

95 1991 141 2052 uiri
171 1991 261 2054 nobis
292 1991 371 2054 deos
410 1992 591 2054 inmortales
623 1992 747 2055 dedisse
785 1983 880 2074 quam
913 1992 1030 2054 Vlixen
1069 2001 1101 2055 et
1137 1991 1307 2055 Herculem
1324 2011 1348 2050 rs

94 2098 238 2178 prioribus
262 2098 403 2162 saeculis.
449 2100 508 2162 hos
540 2099 622 2161 enim
647 2098 744 2162 Stoici
776 2101 874 2162 nostri
903 2101 1058 2181 sapientes
1089 2098 1307 2181 pronuntiaue-

96 2213 166 2279 runt,
189 2205 320 2280 inuictos
336 2204 505 2280 laboribus,
530 2197 955 2288 contemptores'uoluptatis
972 2215 1003 2267 et
1020 2207 1152 2266 uictores
1168 2205 1309 2266 omnium

69 2314 249 2374 lterrorum.
297 2311 381 2374 Cato
413 2332 476 2374 non
508 2332 579 2374 cum
613 2311 684 2374 feris
709 2332 819 2374 manus
850 2311 998 2388 contulit,
1030 2332 1108 2393 quas
1139 2309 1311 2372 consectari

98 2419 242 2480 uenatoris
275 2419 469 2499 agrestisque
501 2427 563 2494 est,
595 2439 653 2481 nec
684 2428 826 2482 monstra
856 2419 927 2500 igne
956 2439 993 2480 ac
1024 2417 1105 2481 ferro
1128 2426 1311 2500 persecutus

98 2531 147 2599 est,
167 2545 223 2587 nec
246 2526 277 2587 in
301 2544 339 2587 ea
362 2534 508 2608 tempora
530 2525 647 2600 incidit,
671 2526 784 2606 quibus
808 2525 891 2588 credi
920 2536 1028 2608 posset
1052 2525 1173 2588 caelum
1199 2524 1313 2586 umeris
1326 2543 1353 2584 no

99 2631 179 2692 unius
201 2632 295 2693 inniti.
329 2652 462 2694 excussa
478 2634 539 2694 iam
557 2633 683 2713 antiqua
699 2632 883 2700 credulitate
900 2642 931 2694 et
947 2633 1073 2695 saeculo
1097 2633 1138 2694 ad
1153 2651 1311 2693 summam

99 2739 241 2816 perducto
265 2736 437 2800 sollertiam
462 2759 533 2800 curn
558 2739 679 2801 ambitu
708 2759 911 2820 congressus,
943 2738 1125 2802 multiformi
1148 2737 1247 2813 malo,
1280 2745 1312 2798 et

99 2862 162 2905 curn
191 2846 353 2926 potentiae
384 2845 525 2907 inmensa
555 2845 742 2928 cupiditate,
779 2867 875 2927 quarn
907 2855 993 2908 totus
1024 2846 1108 2907 orbis
1139 2845 1219 2907 inter
1248 2853 1311 2905 tres

101 2950 204 3012 diuisus
235 2952 348 3013 satiare
378 2972 444 3013 non
471 2961 614 3034 poterat,
646 2955 797 3014 aduersus
828 2953 901 3015 uitia
932 2953 1061 3015 ciuitatis
1093 2951 1313 3032 degenerantis

103 3062 131 3115 et
151 3077 271 3139 pessum
297 3077 353 3120 sua
378 3057 463 3120 mole
479 3059 607 3121 sidentis
632 3061 717 3121 stetit
738 3059 823 3121 solus
847 3069 879 3121 et
895 3059 1061 3122 cadentem
1078 3057 1313 3140 rempublicam,
1329 3075 1355 3117 u

104 3173 242 3241 quantum
268 3165 369 3227 modo
395 3186 455 3227 una
478 3149 592 3228 ret-rabi
614 3187 707 3228 manu
724 3175 863 3248 poterat,
883 3166 990 3242 tenuit,
1014 3168 1117 3228 donec
1141 3166 1316 3226 abstractus

107 3313 119 3319 ·-
129 3315 303 3326 -—-.—-.——

105 3407 260 3476 Pimpatiens
352 3407 502 3464 uarostri⁵
523 3413 544 3478 (s
564 3427 597 3464 m.
616 3412 672 3482 pr.)
764 3414 779 3466 'i
800 3415 900 3479 impbas
992 3414 1024 3466 10
1043 3407 1146 3463 uatiniu⁵
1167 3414 1189 3479 (s
1209 3428 1242 3464 m.
1261 3411 1316 3481 pr.)

182 3501 212 3552 11
232 3502 416 3551 uenumdabant
438 3499 533 3554 Gertzz
554 3503 720 3552 uenumdabat
811 3501 851 3556 De
870 3495 1002 3556 orationis
1018 3501 1112 3570 sortita
1131 3499 1203 3570 cons.
1224 3499 1258 3554 de
1276 3501 1318 3553 ira

107 3586 128 3650 2,
144 3589 179 3651 10,
199 3593 213 3641 2
234 3591 370 3661 calentibus
390 3591 493 3655 ingeniis
512 3592 641 3640 subtrahas
661 3593 752 3654 uinum,
772 3593 837 3656 quod
857 3593 937 3656 pueris
960 3593 1099 3656 negandum
1118 3593 1188 3641 Plato
1208 3597 1276 3656 putat
1295 3598 1318 3640 et

107 3675 174 3738 ignem
199 3685 264 3729 uetat
290 3681 347 3744 igne
371 3680 466 3728 incitari
565 3689 588 3730 et
607 3697 666 3744 ceca
686 3681 720 3748 (et
740 3699 753 3730 c
772 3680 799 3733 in
819 3696 884 3747 raa,
909 3680 936 3732 fn
955 3680 1077 3751 marqfue
1095 3697 1184 3731 >ceca
1203 3696 1235 3732 m.
1251 3679 1318 3744 reo.)

185 3819 215 3873 12
235 3765 355 3871 ei'iglfr'e
374 3821 524 3889 (suprascr.
545 3837 578 3873 m.
592 3821 658 3887 rec.)
743 3829 855 3873 catone*
949 3824 979 3877 13
999 3825 1090 3874 nullam
1112 3821 1206 3877 Gertz:
1228 3822 1317 3871 nullum

189 3963 216 4014 lb
237 3921 384 4012 immortalis
481 3963 513 4016 ld
539 3964 611 4013 seclis
708 3963 741 4016 17
764 3965 896 4030 uoluptatis
922 3973 944 4015 et
969 3968 1074 4017 uictores
1100 3965 1137 4030 (in
1163 3964 1230 4030 ras.)

85 4099 89 4110 ,
113 4045 138 4098 ld
154 4055 266 4100 terrorum
286 4050 409 4120 Lipsius:
431 4059 547 4102 terrarum
635 4052 665 4105 19
686 4047 810 4104 uenatoria
832 4054 910 4120 (am.
930 4053 985 4117 ain,
1004 4056 1127 4105 uenatoris
1153 4055 1179 4106 in
1199 4051 1322 4122 margine

113 4140 210 4204 brec.)
301 4139 336 4192 20
354 4140 411 4192 celii
506 4121 611 4191 humeris
695 4143 724 4195 21
748 4145 819 4193 inniti
832 4160 974 4196 excussa...
988 4144 1133 4194 sollertiam.
1148 4159 1202 4192 curn
1223 4139 1322 4210 111thoe
1376 4131 1386 4146 ’

114 4237 192 4278 ueram
211 4219 450 4297 interpunctionem
469 4245 539 4298 quae
557 4233 599 4283 est
617 4219 704 4284 in'ed.
720 4230 805 4302 Neap.
819 4231 960 4285 reuocauit
980 4229 1062 4284 Gertz
1151 4230 1233 4280 seculo

116 4362 143 4416 ‘2‘2
159 4369 259 4419 sollertia
343 4371 376 4424 23
397 4372 458 4421 inter
477 4379 523 4422 tres
547 4369 701 4444 Woelfflin:
724 4375 796 4423 intres
881 4373 914 4426 26
934 4319 1007 4423 retriii
1096 4373 1260 4420 ÷abstrnctus
1284 4369 1322 4436 (iu

119 4467 191 4526 marg.
210 4475 241 4513 m.
255 4475 308 4515 rec.
328 4461 365 4510 ÷l
384 4460 502 4527 arreptus)

1093 4549 1109 4601 2
