3184 5318
262 353 324 415 148
504 347 582 392 nini.
598 349 635 391 vr.
665 349 706 389 nn
722 349 864 391 usnemu
881 347 920 388 ui:
935 347 1178 390 cousomnoua.
1207 349 1242 392 rr.

259 495 402 570 euadere,
426 505 460 558 ut
483 497 524 558 ad
548 505 743 558 senectutem
765 495 916 558 inlaesum
932 495 1084 577 perferret
1099 493 1221 557 formae
1237 495 1355 555 decus?
1379 493 1479 573 cogita

259 604 353 665 animi
376 602 460 665 mille
484 602 578 664 labes.
617 621 720 684 neque
743 606 825 664 enim
842 612 929 664 recta
944 603 1068 682 ingenia
1084 601 1209 682 qualem
1225 602 1255 663 in
1271 599 1479 662 adulescentia

259 729 348 790 spem
380 709 426 772 sui
458 709 595 771 fecerant
627 729 725 790 usque
757 711 787 771 in
817 718 1013 771 senectutem
1037 728 1163 790 semper
1185 707 1395 788 pertulerunt,
1426 707 1479 767 sed

260 817 430 878 interuersa
452 814 638 897 plerumque
661 825 751 877 sunt:
786 825 840 876 aut
863 835 933 878 sera
956 835 1058 895 eoque
1083 813 1205 876 loedior
1228 814 1351 875 luxuria
1372 813 1480 874 inuasit

232 923 426 1004 scoepitque
450 921 659 984 dehonestare
683 924 826 1002 speciosa
849 923 1005 1004 principia.
1043 931 1098 984 aut
1113 923 1144 983 in
1157 915 1309 1002 ¹popinam
1326 929 1479 982 uentrem-

259 1049 320 1111 que
351 1028 584 1110 procubuerunt
614 1029 674 1090 toti
704 1048 891 1109 summaque
921 1027 978 1090 illis
1001 1047 1144 1090 curarum
1169 1027 1240 1102 suit,
1270 1027 1347 1107 quid
1371 1035 1480 1099 essent,

259 1137 333 1216 quid
365 1134 517 1197 biberent.
568 1135 657 1197 adice
688 1136 846 1210 incendia,
877 1137 995 1208 ruinas,
1027 1133 1186 1214 naufragia
1216 1134 1508 1213 lacerationesque3

260 1242 454 1304 medicorum
478 1251 552 1303 'ossa
575 1243 651 1303 uiuis
672 1240 842 1322 legentium
860 1250 892 1302 et
907 1249 991 1302 totas
1007 1242 1038 1301 in
1054 1241 1172 1302 uiscera
1188 1261 1299 1302 manus
1316 1242 1479 1302 demitten-

259 1351 336 1409 tium
360 1357 392 1410 et
415 1368 479 1408 non
496 1355 560 1426 per
581 1347 754 1427 simplicem
771 1348 917 1408 dolorem
933 1347 1083 1427 pudenda
1099 1347 1281 1408 curantium.
1317 1345 1481 1427 posthaec

221 1454 405 1516 inexilium:
433 1475 496 1514 non
520 1453 574 1515 fuit
596 1455 793 1517 innocentior
815 1452 894 1516 filius
917 1462 989 1515 tuus
1012 1473 1108 1534 quam
1125 1453 1276 1528 Rutilius;
1304 1473 1478 1515 carcerem:

200 1545 204 1553 ¹
259 1580 322 1622 non
353 1561 409 1622 suit
433 1561 602 1641 sapientior
625 1580 721 1641 quam
745 1559 912 1634 Socrates;
946 1559 1122 1622 uoluntario
1146 1559 1274 1622 uolnere
1297 1557 1479 1622 transfixum

259 1676 388 1748 pectus:
434 1687 497 1726 non
532 1667 588 1728 suit
623 1667 761 1729 sanctior
796 1687 891 1747 quam
928 1666 1028 1729 Cato:
1072 1687 1143 1727 cum
1180 1668 1241 1727 ista
1276 1649 1479 1748 perspexeris,

259 1773 337 1833 scies
369 1773 489 1854 optime
521 1793 591 1834 cum
622 1773 670 1834 his
701 1775 768 1854 agi,
798 1793 878 1854 quos
901 1783 1027 1846 natura,
1057 1774 1130 1853 quia
1157 1771 1226 1833 illos
1249 1771 1312 1832 hoc
1335 1771 1481 1832 manebat

259 1879 342 1939 uitae
364 1880 563 1959 stipendium,
587 1880 649 1940 cito
673 1881 702 1941 in
726 1888 827 1941 tutum
851 1882 976 1960 recepit.
1015 1877 1089 1941 nihil
1112 1889 1160 1940 est
1182 1888 1248 1940 tam
1272 1869 1369 1939 fallax
1389 1897 1480 1958 quam

221 1985 323 2045 inuita
343 1986 489 2060 humana,
512 1983 586 2046 nihil
607 1995 672 2048 tam
688 1987 891 2048 insidiosum:
916 2007 981 2047 non
997 2005 1049 2048 me
1064 1985 1206 2047 hercules
1221 1985 1385 2066 quisquam
1402 1983 1480 2057 illam

258 2092 438 2172 accepisset,
463 2092 519 2154 nisi
542 2094 669 2155 daretur
691 2092 897 2155 inscientibus.
941 2094 1046 2172 itaque
1069 2093 1094 2154 si
1117 2091 1326 2153 felicissimum
1351 2099 1481 2152 estnon

258 2199 351 2273 nasci,
374 2200 555 2280 proximum
580 2208 658 2280 puto
681 2199 767 2260 breui
791 2198 844 2261 lite
868 2198 1033 2260 defunctos
1056 2199 1118 2259 cito
1138 2199 1170 2259 in
1186 2199 1343 2278 integrum
1360 2197 1481 2258 restitui.

258 2324 402 2385 propone
425 2305 500 2367 illud
524 2305 759 2368 acerbissimum
784 2306 841 2368 tibi
863 2314 998 2386 tempus
1022 2324 1084 2387 quo
1101 2303 1232 2367 Seianus
1255 2311 1380 2385 patrem
1398 2311 1510 2365 tuumt

259 2409 362 2472 clienti
392 2431 450 2472 suo
476 2410 579 2473 Satrio
603 2410 752 2473 Secundo
784 2413 976 2492 congiarium
1008 2413 1102 2473 dedit.
1141 2410 1340 2473 'irascebatur
1370 2408 1411 2470 illi
1441 2409 1480 2470 ob

218 2535 244 2574 20
259 2535 354 2577 unum
379 2524 432 2578 aut
456 2517 587 2579 alterum
611 2516 735 2580 liberius
758 2520 887 2592 dictum,
910 2520 997 2599 quod
1021 2519 1132 2579 tacitus
1155 2517 1235 2578 serre
1258 2537 1322 2578 non
1339 2523 1481 2597 potuerat

258 2619 406 2684 Seianum
435 2625 472 2684 'in
504 2625 640 2686 ceruices
670 2634 796 2687 nostras
826 2646 866 2686 ne
897 2626 1003 2706 inponi
1033 2625 1162 2705 quidem
1172 2657 1184 2698 ‚.
1216 2625 1274 2684 sed
1305 2624 1480 2685 escendere.

259 2728 487 2792 decernebatur
510 2729 549 2792 illi
572 2739 677 2793 statua
700 2732 729 2792 in
747 2732 879 2814 Pompei
901 2731 1027 2792 theatro
1051 2732 1208 2812 ponenda,
1232 2731 1320 2812 quod
1336 2738 1479 2792 exustum

259 2832 375 2897 Caesar
407 2835 574 2899 reficiebat.
621 2837 812 2899 exclamauit
836 2835 961 2899 Cordus
990 2845 1065 2899 tunc
1097 2857 1170 2899 uere
1192 2837 1352 2899 theatrum
1376 2836 1479 2916 perire.

257 2943 332 3021 quid
364 2946 462 3023 ergo?
494 2964 559 3004 non
591 2953 789 3026 rumperetur
818 2963 912 3026 supra
942 2945 1060 3006 cineres
1092 2943 1148 3006 Cn.
1176 2943 1309 3024 Pompei
1339 2941 1509 3005 constituis

217 3046 406 3109 aaSeianum
431 3057 462 3109 et
486 3051 515 3109 in
539 3051 753 3111 monumentis
776 3051 907 3110 maximi
923 3051 1120 3132 imperatoris
1137 3051 1312 3112 consecrari
1327 3049 1478 3131 perfidum

259 3152 409 3215 militem?
442 3166 642 3217 consecratur
672 3157 865 3236 subscriptio
912 3168 944 3218 et
967 3157 1107 3218 acerrimi
1132 3176 1240 3230 caneS,
1271 3175 1354 3236 quos
1377 3155 1427 3241 ille
1447 3161 1479 3214 ut

258 3417 275 3469 2
295 3418 459 3468 adulescentia
479 3417 645 3472 deteriores:
672 3420 861 3470 adulescentiam
964 3421 980 3473 3
1000 3437 1097 3485 semper
1115 3420 1264 3484 pertulerunt
1285 3416 1382 3472 Gertz:
1404 3423 1478 3484 pertu-

259 3506 335 3555 lerunt
420 3506 434 3556 i
454 3524 508 3556 sera
526 3524 582 3572 e0q;
604 3508 684 3570 fedior
704 3507 729 3573 (a
743 3525 799 3573 eoq;
820 3508 846 3560 in
867 3509 933 3571 ras.)
1019 3509 1034 3559 b
1059 3509 1189 3573 coepitque
1209 3505 1367 3560 Schultess:
1388 3507 1476 3570 cogitq;

348 3593 562 3659 ssprocubuerunt
581 3597 625 3644 toti
645 3593 774 3665 Madar'q:
795 3613 841 3662 pro
860 3599 904 3646 toti
1001 3597 1016 3649 7
1035 3598 1176 3662 naufragias
1196 3597 1217 3662 (s
1237 3593 1301 3662 dal.)
1400 3595 1479 3648 911011

258 3699 303 3746 per
326 3684 464 3748 simplicem
490 3679 653 3736 Pincianus:
680 3701 729 3734 non
755 3686 892 3750 simplicem
1001 3687 1032 3738 11
1059 3687 1158 3736 uolnere
1182 3684 1350 3740 deteriores:
1375 3685 1479 3734 uolneret

476 3783 503 3808 Χθ

355 3823 388 3876 12
407 3825 527 3889 persperis
626 3826 656 3878 13
676 3789 712 3874 his
810 3825 842 3878 14
862 3829 910 3891 uite
930 3829 996 3891 (ras.
1015 3831 1079 3896 post
1096 3843 1110 3891 9
1129 3833 1158 3880 at
1177 3824 1296 3885 uidetur)
1394 3825 1424 3877 15
1442 3825 1477 3872 in·

259 3912 376 3962 sidiosum
396 3910 561 3965 deteriores:
582 3915 672 3963 insidio
782 3914 814 3966 16
838 3916 997 3965 inscientibus
1015 3914 1078 3968 olim
1097 3921 1263 3968 correctam:
1285 3916 1376 3964 iniibus

260 3999 293 4052 17
312 4001 381 4051 breui
400 4001 442 4051 lite
466 3999 558 4054 Koch:
579 4003 698 4052 breuitate
793 4005 885 4052 restitui
903 4002 965 4056 olim
991 4011 1158 4057 correctam:
1179 4005 1262 4054 resiste
1366 4001 1399 4054 18
1420 4001 1477 4050 illud

260 4089 286 4154 (d
304 4105 342 4142 ea
361 4097 370 4139 t
389 4089 472 4155 corr.)
548 4089 738 4158 Υ1911111110
840 4091 874 4144 20
893 4093 991 4142 liberius
1011 4090 1177 4146 deteriores:
1201 4093 1303 4142 libertus
1403 4089 1434 4143 21
1452 4104 1478 4138 se

259 4178 406 4228 descendere
508 4177 542 4230 22
560 4184 624 4247 post
642 4187 749 4229 exustum
769 4177 867 4232 lacuna
964 4181 997 4234 23
1017 4197 1073 4244 uere
1175 4179 1208 4232 25
1227 4182 1387 4231 monimentis

259 4265 292 4318 26
318 4272 475 4317 consecratur
500 4264 558 4318 aad.
585 4269 769 4318 consarcinatur
794 4268 903 4338 Lipsius
927 4272 1087 4320 concinnatur
1106 4258 1234 4338 Madai'ff,
1259 4268 1311 4323 aad
1329 4273 1476 4320 consecratur

261 4361 349 4406 ortam
369 4370 427 4408 esse
447 4353 595 4409 uerisimile
613 4362 654 4409 est
672 4371 710 4410 ea
728 4356 900 4412 antecedenti
916 4361 1062 4422 consecrari,
1082 4364 1112 4412 at
1127 4358 1250 4428 fortasse
1268 4357 1311 4412 la'a
1330 4373 1431 4428 qaoque
1447 4360 1477 4407 at

261 4439 316 4499 lad.
338 4441 372 4496 de
390 4448 477 4496 morte
497 4442 606 4498 Claudii
625 4448 665 4512 14,
688 4450 700 4498 1
721 4445 894 4500 scribendam
912 4447 947 4500 sit
965 4451 1043 4498 editur
1061 4449 1208 4513 subscriptio

1558 3209 1575 3234 ἱ
