3212 5318
333 353 411 396 bras.
423 353 473 396 xn.
501 353 543 394 ao
558 351 711 398 rocrnrvu
727 353 766 394 nc
782 341 1022 395 consumimus.
1050 351 1069 393 n.
1087 353 1117 394 ru.
1267 351 1327 414 ng

113 517 206 577 quam
238 517 280 560 ex
311 518 369 560 suo
400 496 508 561 fauore
537 498 662 562 fortuna
693 507 845 574 mutaret,
884 507 1020 562 stantem
1052 495 1155 558 adhuc
1186 493 1269 556 illam
1301 501 1333 556 et

80 619 241 672 &munera
279 603 373 686 plena
408 625 502 668 manu
533 617 757 686 congerentem
790 606 919 687 reliquit.
974 603 1081 666 fruitur
1112 621 1193 694 nunc
1223 609 1333 684 aperto

112 719 144 772 et
166 709 266 773 libero
291 709 396 785 caeln,
428 731 469 774 ex
493 711 600 774 humili
624 723 719 795 atque
743 715 895 794 depresso
920 712 947 773 in
973 731 1045 774 eum
1070 710 1195 772 emicuit
1218 707 1332 782 locum,

59 897 62 908 Ι
111 817 247 898 quisquis
276 816 327 879 ille
357 827 419 891 est,
450 819 503 898 qui
533 817 653 880 solutas
683 817 810 882 uinculis
841 819 960 882 animas
990 818 1086 880 beato
1118 815 1226 896 recipit
1257 815 1333 889 sinu,

111 931 143 984 et
173 942 255 985 nunc
285 923 381 986 libere
412 923 471 987 illic
502 935 634 1006 uagatur
663 925 831 1007 omniaque
862 945 965 988 rerum
997 933 1126 987 naturae
1153 922 1238 984 bona
1261 935 1359 982 cumn

109 1049 235 1092 summa
274 1029 437 1112 uoluptate
475 1032 613 1114 percipit.
675 1053 780 1096 erras:
822 1052 886 1094 non
924 1031 1061 1130 perdidit
1098 1029 1200 1092 lucem
1238 1027 1335 1092 frater

78 1153 92 1202 u
111 1145 197 1212 tuus,
229 1138 287 1200 sed
318 1139 505 1201 securiorem
537 1139 665 1202 sortitus
696 1148 744 1202 est
799 1139 945 1202 omnibus
975 1138 1025 1200 illo
1049 1137 1140 1199 nobis
1164 1142 1334 1198 commune

110 1255 158 1315 est
182 1246 260 1307 iter:
294 1244 368 1326 quid
392 1244 455 1308 fata
479 1245 652 1308 deflemus?
692 1267 754 1309 non
779 1245 900 1328 reliquit
923 1245 973 1310 ille
995 1265 1062 1320 nos,
1085 1245 1142 1304 sed
1158 1243 1334 1305 antecessit.

112 1343 188 1436 [29]
221 1361 286 1428 est,
319 1352 393 1416 mihi
424 1353 540 1428 crede,¹
567 1373 683 1436 magna
706 1353 833 1417 felicitas
856 1355 885 1416 in
910 1355 977 1434 ipsa
1000 1351 1148 1415 felicitate
1171 1347 1332 1410 moriendi.

110 1459 184 1520 nihil
217 1479 256 1521 ne
287 1459 317 1522 in
348 1468 452 1522 totum
485 1461 612 1541 quidem
645 1461 729 1524 diem
763 1461 840 1524 certi
863 1469 930 1524 est:
965 1459 1032 1542 quis
1056 1459 1085 1520 in
1109 1467 1175 1520 tam
1199 1455 1333 1518 obscura
1351 1467 1373 1506 1⁰

110 1574 142 1627 et
174 1563 315 1628 inuoluta
339 1569 470 1630 ueritate
494 1568 628 1642 diuinat‚
661 1578 806 1630 utrumne
830 1565 915 1630 fratri
938 1575 993 1628 tuo
1018 1585 1104 1628 mors
1128 1562 1270 1626 inuiderit
1293 1579 1333 1622 an

109 1672 319 1736 consuluerit?
393 1693 414 1706 ⁸·

82 1791 87 1840 l
201 1779 240 1840 X.
274 1779 361 1842 illud
383 1799 526 1862 quoque,
556 1801 619 1862 qua
646 1781 760 1844 iustitia
783 1781 812 1842 in
837 1780 984 1842 omnibus
1008 1779 1101 1842 rebus
1125 1797 1174 1852 es,
1205 1793 1334 1837 necesse

109 1897 158 1948 est
189 1895 221 1948 te
253 1887 379 1948 adiuuet
410 1887 603 1967 cogitantem
634 1909 698 1952 non
721 1888 861 1952 iniuriam
886 1887 940 1950 tibi
966 1886 1097 1966 factam,
1128 1883 1214 1966 quod
1238 1880 1333 1944 talem

109 1992 238 2056 fratrem
264 1993 407 2068 amisisti,
439 1995 496 2055 sed
521 1993 705 2058 beneficium
730 1997 855 2068 datum,
883 1994 968 2077 quod
992 1993 1114 2055 tamdiu
1137 1991 1193 2053 tibi
1216 1989 1373 2069 pietaten

77 2102 173 2162 teins
199 2101 244 2161 uti
268 2099 387 2180 fruique
410 2100 501 2162 licuit.
548 2101 669 2184 iniquus
694 2112 751 2176 est,
775 2102 826 2183 qui
851 2101 986 2164 muneris
1007 2102 1053 2162 sui
1069 2097 1230 2161 arbitrium
1248 2095 1334 2157 danti

108 2229 172 2268 non
197 2206 358 2288 relinquit,
382 2208 500 2282 auidus,
524 2209 576 2290 qui
600 2229 663 2270 non
687 2209 761 2272 lucri
785 2207 858 2272 loco
882 2207 988 2284 habet,
1012 2207 1100 2289 quod
1124 2203 1252 2286 accepit,
1276 2200 1334 2264 sed

109 2311 233 2388 damni,
273 2314 360 2395 quod
392 2315 537 2377 reddidit.
591 2315 730 2396 ingratus
761 2325 824 2390 est,
860 2316 912 2397 qui
942 2315 1082 2377 iniuriam
1114 2320 1208 2374 uocat
1238 2309 1333 2372 finem

108 2420 297 2502 uoluptatis,
328 2419 455 2495 stultns,
488 2421 540 2503 qui
570 2421 688 2482 nullum
711 2420 854 2488 xfructum
884 2441 953 2484 esse
981 2429 1072 2504 putat
1096 2418 1254 2480 bonorum
1277 2416 1333 2478 nisi

107 2527 339 2608 praesentium,
378 2527 429 2607 qui
460 2547 525 2588 non
556 2536 588 2588 et
618 2527 647 2590 in
679 2529 854 2610 praeteritis
886 2527 1058 2610 adquiescit
1090 2534 1122 2588 et
1153 2544 1190 2586 ea
1220 2523 1334 2586 iudicat
1349 2535 1374 2576 ²⁰

107 2634 258 2708 certiora,
291 2653 372 2714 quae
402 2631 561 2708 abierunt,
594 2635 665 2715 quia
690 2635 730 2696 de
754 2634 809 2697 illis
833 2655 873 2696 ne
897 2635 1040 2696 desinant
1064 2652 1127 2695 non
1151 2639 1198 2694 est
1222 2631 1333 2693 timen·
1397 2629 1399 2638 '

75 2749 89 2801 3
107 2739 193 2802 dum.
242 2739 333 2801 nimis
357 2747 504 2820 angustat
527 2741 643 2820 gaudia
663 2761 727 2816 sua,
752 2743 804 2821 qui
825 2741 869 2804 eis
885 2739 1118 2814 tantummodo
1142 2757 1222 2820 qnae
1238 2735 1340 2832 habet

106 2867 142 2909 ac
174 2845 280 2920 uidet,
311 2843 368 2908 frui
397 2866 431 2907 se
454 2855 544 2927 putat
568 2856 600 2908 et
624 2846 770 2910 habuisse
794 2849 907 2910 eadem
932 2867 990 2928 pro
1014 2845 1108 2908 nihilo
1133 2844 1226 2906 ducit.
1272 2843 1335 2904 cito

106 2955 189 3016 enim
222 2971 282 3012 nos
310 2953 412 3013 omnis
437 2951 582 3034 uoluptas
607 2951 766 3036 relinquit,
796 2973 878 3036 quae
902 2953 968 3015 fluit
992 2962 1023 3014 et
1046 2951 1155 3015 transit
1179 2958 1211 3011 et
1233 2969 1335 3031 paene

105 3068 280 3139 antequam
313 3061 416 3121 ueniat
446 3058 590 3122 aufertur.
637 3060 742 3141 itaque
774 3063 803 3124 in
832 3061 1036 3142 praeteritum
1065 3067 1190 3139 tempus
1214 3056 1335 3118 animus
1349 3069 1375 3108 2⁵

106 3165 282 3227 mittendus
313 3174 367 3256 est
392 3175 423 3226 et
454 3166 607 3247 quidquid
637 3187 696 3228 nos
725 3187 876 3248 umquam
905 3165 1089 3241 delectauit,
1120 3163 1334 3226 reducendum

104 3293 142 3334 ac
179 3270 335 3352 frequenti
371 3273 563 3352 cogitatione
596 3275 853 3356 pertractandum
885 3281 941 3336 est.
995 3272 1119 3354 longior
1149 3269 1335 3350 fideliorque

72 3385 155 3442 lest
189 3379 343 3440 memoria
374 3378 588 3459 uoluptatum,
620 3400 716 3460 quam
748 3383 933 3462 praesentia.
980 3379 1066 3461 quod
1098 3377 1235 3440 habuisti
1258 3395 1336 3456 ergo

104 3486 265 3569 optimum
298 3483 443 3560 fratrem,
474 3487 504 3546 in
528 3489 658 3548 summis
682 3485 773 3550 bonis
796 3507 889 3570 pone.
935 3508 999 3549 non
1023 3495 1071 3548 est
1094 3485 1182 3566 quod
1204 3483 1334 3564 cogites,

104 3600 230 3674 quanto
266 3592 380 3654 diutius
416 3591 533 3654 habere
564 3593 719 3672 potueris,
756 3595 813 3655 sed
844 3593 994 3675 quamdiu
1024 3592 1178 3654 habueris.
1232 3609 1335 3652 rerum
1349 3603 1375 3642 2⁵⁰

109 3835 226 3891 lillaD
316 3835 511 3892 ilethumililf
599 3837 708 3904 lquiB
726 3857 774 3906 quo
788 3842 826 3892 uel
838 3841 878 3905 qui
894 3838 946 3893 ΒΕ
1016 3841 1031 3890 τ’)
1045 3841 1122 3890 libere
1135 3841 1183 3888 illic
1199 3833 1336 3889 Bttberl)

104 3930 184 3978 libere
198 3925 225 3978 Ε
307 3934 392 3977 natura
406 3925 433 3980 Ε
514 3927 652 3994 lipercipit
673 3925 793 3983 Goerenz
812 3931 927 3994 perspicit
951 3927 1028 3982 ΒΒΕ
1106 3928 1212 3993 perdidit
1226 3923 1377 4004 corni)¹

104 4017 186 4082 perdit
203 4013 282 4069 ΒΒΕ
311 4057 312 4062 ,
362 4015 540 4082 8reliquidB
630 4023 686 4068 ante
705 4019 776 4069 cessit
789 4017 815 4071 B
909 4017 939 4073 10
958 4035 988 4068 ne
1008 4020 1031 4068 in
1051 4024 1102 4068 toto
1119 4017 1218 4082 quidem
1232 4017 1272 4066 die
1285 4013 1338 4069 ΒΕ

104 4123 145 4156 me
164 4107 190 4154 in
210 4110 286 4155 totum
306 4107 406 4171 quidem
425 4107 490 4157 diem
511 4106 537 4160 Β
642 4107 671 4158 ll
697 4108 804 4158 inuideat
826 4105 905 4160 ΒΒΕ
1011 4124 1041 4157 an
1060 4107 1190 4157 consulerit
1213 4103 1261 4158 BD
1280 4111 1335 4154 ante

104 4194 238 4244 consulerit
257 4191 285 4247 Ε
375 4195 407 4248 13
432 4211 481 4259 qua
503 4194 600 4260 Bquia
619 4193 673 4248 ΒΕ
760 4213 785 4246 es
804 4193 953 4250 Pincianus
972 4204 1006 4246 est
1025 4192 1106 4249 ΒΒΕ
1193 4191 1335 4246 neeesseB

104 4299 206 4334 necesse
225 4291 260 4333 est
279 4280 332 4336 ΒΕ
423 4282 454 4335 15
474 4284 519 4332 tibi
538 4285 628 4347 pietate
647 4285 697 4334 eins
710 4287 744 4335 uti
757 4286 849 4350 fruique
863 4283 888 4336 B
908 4287 999 4350 pietate
1011 4285 1061 4334 eius
1074 4286 1107 4332 nti
1120 4283 1213 4349 fruique
1227 4284 1271 4333 tibi
1284 4280 1338 4336 ΒΕ

197 4371 229 4425 17
256 4371 369 4437 relinquit
389 4370 414 4425 B
432 4372 528 4437 reliquit
546 4369 600 4425 ΒΕ
690 4371 721 4426 19
747 4379 816 4439 putat
834 4390 887 4424 esse
906 4370 960 4426 ΒΕ
1055 4369 1089 4424 28
1113 4372 1290 4436 uoluptandum
1313 4369 1336 4424 B

196 4459 231 4514 30
249 4461 293 4512 sed
312 4465 375 4515 ante
393 4463 511 4530 quamdiu
529 4460 625 4514 omittit
646 4458 670 4513 B
