3184 5318
310 349 389 395 DlllL.
407 351 444 395 Vl.
474 351 515 392 An
532 349 675 392 MARClAM
690 348 731 392 DE
746 347 988 393 CONSOLATlONE.
1018 351 1050 394 16.
1235 355 1293 418 137

87 517 144 560 cum
167 497 369 560 muliebribus
392 499 523 580 ingeniis
546 498 648 579 egisse
672 505 703 560 et
727 496 857 560 uirtutes
881 495 1001 559 illarum
1024 497 1055 558 in
1078 473 1180 560 artum
1198 505 1294 560 retra·

86 607 174 668 xisse?
197 623 255 688 par
278 603 344 679 illis,
369 603 443 666 mihi
467 605 571 678 crede,
595 603 693 684 uigor,
716 623 774 684 par
796 603 838 664 ad
860 601 1011 678 honesta,
1043 601 1142 665 libera
1166 602 1296 666 facultas

61 720 131 774 test.
172 710 317 774 dolorem
341 710 547 790 laboremque
571 729 613 772 ex
637 729 755 790 aequ0,
780 709 804 772 si
828 728 1028 784 consumere,
1052 710 1219 791 patiuntur.
1266 711 1296 772 in
1353 787 1359 796 ι

84 837 134 898 qua
154 817 235 879 istud
262 817 347 892 urbe,
372 818 402 880 di
425 817 510 892 boni,
534 816 710 898 loquimur?
739 816 769 876 in
793 835 855 896 qua
879 835 986 898 regem
1011 815 1165 878 Romanis
1189 816 1294 898 capiti-

83 925 130 986 bus
157 924 305 987 Lucretia
340 933 371 987 et
401 924 515 985 Bmtus
550 923 748 986 deiecerunt:
788 921 886 984 Bruto
924 920 1101 984 libertatem
1133 923 1324 996 debemuss

84 1031 232 1107 Lucretiae
265 1031 405 1093 Brutum.
451 1031 481 1092 in
509 1049 571 1111 qua
595 1028 749 1093 Cloeliam
782 1037 968 1109 contempto
1000 1037 1033 1091 et
1063 1027 1155 1092 hoste
1179 1037 1211 1106 et
1240 1028 1295 1091 flu-

83 1139 152 1198 mine
180 1137 348 1219 insignem·
369 1137 412 1199 ob
442 1137 607 1198 audaciam
639 1144 763 1198 tantum
787 1135 905 1196 nonin
930 1135 1012 1196 uiros
1037 1116 1296 1217 transcripsimus

82 1245 201 1324 equestri
225 1244 365 1306 insidens
396 1251 519 1306 statuae
549 1242 579 1304 in
610 1261 699 1304 sacra
731 1243 796 1316 uia,
827 1240 1033 1304 celeberrimo
1057 1241 1145 1316 loco,
1178 1240 1298 1304 Cloelia

81 1349 243 1431 exprobrat
273 1349 435 1413 iuuenibus
466 1349 580 1412 nostris
610 1347 771 1430 puluinum
803 1348 1060 1423 escendentibus,
1100 1349 1130 1408 in
1161 1366 1198 1410 ea
1227 1347 1297 1411 illos

56 1455 145 1518 turbe
173 1458 218 1518 sic
251 1456 387 1537 ingredi,
419 1457 449 1518 in
480 1475 543 1538 qua
575 1455 669 1518 etiam
701 1453 831 1516 feminas
856 1473 939 1534 equo
964 1453 1159 1517 donauimus.
1205 1456 1294 1535 quod
1312 1469 1336 1510 ¹⁰

81 1562 100 1622 si
119 1562 169 1624 tibi
191 1563 238 1624 uis
263 1561 413 1644 exempla
436 1559 541 1625 referri
565 1561 765 1637 feminarum,
788 1579 870 1642 quae
893 1579 967 1622 suos
992 1559 1112 1622 fortiter
1136 1561 1295 1624 desidera-

80 1671 179 1744 uerint,
203 1688 269 1730 non
294 1669 432 1732 ostiatim
456 1687 615 1750 quaeram.
662 1687 703 1730 ex
729 1685 790 1729 una
812 1667 869 1730 tibi
893 1665 1009 1728 familia
1033 1668 1111 1729 duas
1136 1663 1297 1730 Cornelias

7 1827 8 1836 ,
81 1773 170 1836 dabo:
204 1775 341 1856 primam
365 1773 519 1856 Scipionis
550 1773 661 1849 filiam,
686 1771 903 1836 Gracchorum
937 1779 1081 1836 matrem.
1128 1773 1295 1836 duodecim

80 1877 121 1954 illa
141 1889 248 1962 partus
271 1882 407 1944 totidem
430 1879 590 1944 funeribus
614 1880 807 1960 recognouit.
854 1888 886 1942 et
910 1880 951 1941 de
974 1880 1085 1942 ceteris
1109 1878 1197 1942 facile
1221 1887 1309 1954 erat,¹

7 1959 8 1980 Χ
79 2006 147 2066 quos
176 2007 237 2051 nec
270 1988 372 2050 editos
404 2007 462 2050 nec
485 1988 618 2060 amissos
641 1987 750 2049 ciuitas
781 1986 895 2048 sensit:
931 1985 1091 2048 Tiberium
1116 1985 1295 2048 Gracchum
1313 2002 1363 2072 u¹

79 2103 105 2155 et
119 2094 228 2157 Gaium
247 2093 436 2170 Gracchum,
461 2113 541 2174 quos
566 2095 660 2157 etiam
685 2093 737 2174 qui
754 2093 858 2155 bonos
874 2091 957 2154 uiros
975 2093 1136 2173 negauerit
1160 2112 1295 2174 magnos

80 2199 227 2276 fatebitur,
268 2209 301 2263 et
339 2202 462 2264 occisos
501 2201 577 2264 uidit
615 2207 647 2261 et
685 2197 865 2281 insepultos.
913 2197 1148 2261 consolantibus
1187 2207 1295 2261 tamen

79 2307 277 2391 miseramque
310 2307 501 2384 dicentibus,
533 2326 714 2387 numquam,
739 2307 845 2388 inquit,
869 2326 934 2368 non
958 2303 1080 2366 felicem
1105 2325 1157 2368 me
1180 2306 1294 2382 dicam,

52 2417 146 2492 lquae
168 2413 333 2476 Gracchos
363 2415 479 2496 peperi.
528 2412 673 2477 Cornelia
697 2413 766 2474 Liui
790 2412 884 2474 Drusi
918 2410 1123 2474 clarissimum
1148 2412 1293 2475 iuuenem

77 2518 198 2583 inlustris
222 2522 354 2602 ingenii,
388 2521 558 2582 uadentem
582 2539 639 2602 per
663 2517 849 2582 Gracchana
872 2517 1022 2600 uestigia,
1046 2517 1223 2601 inperfectis
1246 2527 1296 2581 tot
1310 2533 1336 2573 nt

77 2625 284 2706 rogationibus
322 2626 402 2688 intra
421 2699 424 2706 Ι
440 2635 571 2707 penates
609 2626 832 2708 interemptum
869 2643 959 2700 suos,
999 2624 1146 2690 amiserat
1176 2625 1296 2687 incerto

77 2733 169 2795 caedis
200 2741 339 2796 auctore.
384 2742 492 2796 tamen
523 2719 555 2795 et
588 2715 735 2795 acerbam
768 2740 904 2795 mortem
936 2730 987 2793 filii
1020 2741 1052 2794 et
1074 2730 1204 2794 inultam
1229 2740 1295 2795 tam

51 2841 183 2920 lmagno
207 2841 314 2902 animo
338 2838 423 2916 tulit,
447 2859 542 2920 quam
566 2839 633 2922 ipse
656 2838 744 2920 leges
767 2837 888 2901 tulerat
936 2839 997 2902 iam
1022 2859 1093 2900 cum
1117 2837 1241 2900 fortuna
1265 2839 1295 2898 in
1358 2831 1368 2844 '

78 2945 208 3023 gratiam,
233 2946 361 3022 Marcia,
385 2948 558 3022 reuerteris,
582 2947 608 3008 si
630 2946 694 3008 tela
717 2965 799 3027 quae
822 2945 852 3007 in
869 2944 1032 3027 Scipiones
1049 2943 1295 3025 Scipionumque

77 3059 183 3114 matres
197 3053 252 3114 'ac
281 3051 359 3116 filias
391 3053 515 3134 exegit,
546 3053 659 3134 quibus
684 3051 835 3139 Caesares
867 3053 972 3133 petiit,
1006 3070 1046 3113 ne
1069 3061 1143 3114 ate
1166 3050 1335 3131 quidemn
1362 3101 1366 3110 .

78 3159 238 3222 continuit?
269 3159 363 3242 plena
391 3161 425 3222 'et
455 3158 568 3222 infesta
599 3159 690 3222 uariis
714 3159 838 3222 casibus
862 3161 926 3220 uita
950 3166 1013 3234 est,
1045 3157 1199 3239 aquibus
1223 3155 1297 3219 nulli

77 3262 162 3346 longa
184 3245 259 3348 pax]
284 3267 337 3328 uix
361 3267 498 3329 indutiae
522 3275 603 3329 sunt.
648 3274 798 3348 quattuor
825 3265 942 3327 liberos
965 3264 1145 3340 sustuleras,
1169 3263 1295 3327 Marcia.

80 3413 108 3421 ι..

78 3509 262 3564 lmuliebribus
282 3513 385 3578 ingeniis
405 3509 569 3567 Pincianus:
598 3514 706 3564 mulieris
725 3471 819 3579 ingenis
927 3511 1038 3563 2michi
1138 3511 1217 3561 libera
1237 3507 1293 3562 El:

76 3597 143 3650 libeat
245 3603 301 3656 3si
322 3599 487 3656 deteriores:
509 3608 537 3654 se
639 3601 697 3656 Get
716 3604 788 3652 hoste
806 3599 914 3655 Haase:
937 3602 1033 3651 inhoste
1140 3597 1296 3664 limignem

76 3689 105 3736 οἱ)
124 3687 221 3762 Gertz:
242 3693 276 3742 ob
296 3692 416 3756 insignem
501 3690 518 3745 8
538 3692 642 3756 equestri
661 3692 769 3742 insidens
787 3699 881 3740 statuae
901 3695 1037 3759 tamquam
1056 3688 1175 3758 ineptum
1191 3693 1295 3740 rnulun·

77 3775 132 3831 dum
151 3795 212 3833 esse
229 3787 320 3835 censet
341 3777 371 3835 0.
384 3779 460 3835 -Iatn
481 3777 587 3850 (philol.
608 3781 649 3847 28,
667 3796 695 3850 p.
710 3781 736 3845 9)
756 3779 783 3832 in
804 3780 908 3844 equestri
927 3783 1016 3840 statua,
1035 3775 1086 3831 sed
1103 3777 1193 3848 psum
1214 3773 1295 3829 Sene-

78 3881 129 3919 cam
149 3869 308 3924 correaeisse
327 3867 437 3923 uidetur
539 3869 635 3918 Cloelia
655 3870 788 3934 exprobrat
807 3863 906 3938 teulqo:
935 3867 1055 3917 Cloeliam
1073 3867 1195 3932 'exprobat

78 3953 129 4006 liin
148 3955 177 4006 e'a
197 3959 251 4008 illos
270 3960 353 4008 urbes
382 3957 417 4024 (in
436 3973 465 4008 ea
484 3957 511 4010 in
530 3958 598 4023 ras.)
695 3957 730 4010 10
748 3958 836 4022 quodsi
855 3958 900 4006 tibi
919 3959 956 4006 uis
975 3951 1138 4009 Pincianus:
1165 3954 1231 4019 quod
1251 3954 1295 4002 tibi

77 4045 127 4094 siuis
208 4047 238 4098 13
257 4047 377 4112 grachott
463 4044 495 4099 14
515 4052 550 4096 est
569 4044 629 4103 aad.
649 4051 700 4096 erat
720 4041 812 4103 Koalu
834 4041 983 4098 Pincianus
1001 4050 1098 4097 contra
1115 4041 1205 4096 statim
1224 4041 1295 4090 sentit

75 4147 122 4200 pra
140 4135 215 4184 sensit
231 4132 406 4188 contendum
425 4149 484 4188 esse
504 4133 609 4189 censuit
699 4135 730 4187 15
751 4135 854 4200 editos*
942 4135 972 4186 T.
993 4133 1127 4198 gracchum
1146 4145 1207 4196 quos
1226 4128 1294 4192 aad„

78 4219 133 4272 olim
151 4221 305 4292 suppletum
408 4223 441 4277 19
460 4225 525 4275 Liuii
544 4225 618 4274 Drusi
637 4221 759 4294 Baianus:
782 4225 831 4273 diui
852 4223 917 4272 drusi
1018 4221 1052 4274 22
1072 4221 1139 4270 cedis
1229 4220 1295 4268 etin

79 4316 151 4413 uitrim
169 4381 260 4428 magno
279 4366 333 4416 tulit
351 4381 424 4431 quarn
445 4364 514 4428 cod,
534 4366 635 4416 inultam
655 4363 683 4418 n
690 4367 711 4433 ¹,
730 4343 822 4430 magno
841 4365 925 4414 animo
945 4361 1095 4417 deteriores
1178 4359 1211 4412 25
1233 4360 1295 4408 filias

80 4447 192 4520 Lipsius,
214 4450 341 4523 Maduiy:
363 4457 426 4504 filios
517 4457 586 4520 petiit
604 4451 702 4525 uulua:
724 4457 784 4519 petit
873 4451 907 4506 27
928 4453 1042 4517 indutie*
1062 4457 1115 4500 sunt
