3212 5326
297 291 337 352 62
666 283 746 326 mat.
762 282 799 326 lv.
826 281 867 322 DE
882 281 935 320 IRA
949 279 1047 323 tta-11.
1075 283 1095 323 9.
1113 283 1145 323 10.

295 430 406 511 singuli
430 437 483 492 aut
506 429 596 512 pauci
619 447 731 510 rupere
753 426 879 508 legem?
911 427 1049 507 undique
1076 425 1162 488 uelut
1188 427 1280 508 signo
1309 414 1387 487 dato
1411 424 1511 488 adias

295 535 444 618 nefasque
467 536 663 598 miscendum
687 535 788 596 coorti
810 541 891 596 sunt.

668 699 724 737 non
747 680 845 754 hospes
867 679 905 736 ab
928 679 1033 754 hospite
1054 685 1139 736 tutus.

455 788 511 826 nen
535 786 618 826 socer
638 788 658 825 a
675 785 795 846 genero.
829 770 965 844 fratrum
989 783 1103 841 quoque
1121 767 1221 840 gratia
1244 785 1319 824 rara
1341 775 1389 825 est.

256 879 269 918 s
456 857 573 916 inminet
593 858 678 914 exitio
701 859 749 914 uir
770 858 903 929 coniugis,
928 857 980 913 illa
1004 857 1111 914 mariti.

455 947 551 1002 lurida
573 947 711 1003 terribiles
733 943 851 1003 miscent
871 947 984 1003 aconita
1007 962 1152 1004 nouercae.

446 1035 531 1112 filius
554 1035 712 1092 antediem
730 1035 843 1110 patrios
865 1034 985 1108 inquirit
1005 1035 1035 1090 in
1058 1052 1157 1090 annos.

297 1184 343 1236 et·
361 1183 459 1255 quota
488 1174 548 1235 ista
578 1194 651 1257 pars
681 1173 835 1239 scelerum
866 1177 934 1235 est?
970 1193 1035 1234 non
1064 1172 1227 1252 descripsit
1258 1179 1361 1233 castra
1389 1192 1432 1232 ex
1461 1191 1513 1233 una
1528 1187 1553 1241 3'
1592 1195 1593 1200 ¹

191 1269 202 1282 ⁸
296 1289 386 1363 parte
417 1281 573 1342 contraria
603 1289 635 1342 et
672 1281 849 1361 parentium
886 1279 1119 1360 liberorumque
1156 1287 1354 1341 sacramenta
1391 1280 1512 1353 diuersa,
1592 1332 1593 1335 ,

257 1408 282 1448 io
296 1385 470 1449 subiectam
509 1387 628 1468 patriae
666 1387 740 1448 ciuis
779 1407 873 1448 manu
911 1386 1074 1448 flammam
1109 1394 1141 1447 et
1174 1386 1301 1466 agmina
1337 1384 1513 1447 infestorum
1592 1409 1593 1414 ¹

297 1495 437 1576 equitum
461 1494 502 1554 ad
530 1493 729 1574 inquirendas
752 1492 1002 1575 proscriptorum
1028 1492 1166 1553 latebras
1190 1491 1468 1554 circumuolitantia
1481 1500 1515 1554 et
1592 1531 1593 1534 =

296 1599 431 1661 uiolatos
455 1598 557 1662 fontes
581 1600 708 1661 uenenis
732 1607 764 1660 et
786 1598 996 1680 pestilentiam
1014 1618 1108 1660 manu
1129 1597 1245 1662 factam
1262 1606 1294 1658 et
1317 1599 1514 1680 praeductam
1592 1653 1593 1657 ,

298 1706 434 1768 obsessis
458 1704 639 1787 parentibus
663 1705 790 1779 fossam,
813 1704 924 1786 plenos
940 1723 1082 1766 carceres
1099 1713 1132 1766 et
1155 1704 1300 1766 incendia
1322 1713 1408 1766 totas
1431 1705 1514 1766 urbes

297 1812 530 1874 concremantia
562 1811 856 1892 dominationesque
886 1809 1025 1872 funestas
1056 1819 1088 1872 et
1118 1830 1288 1891 regnorum
1312 1811 1514 1892 publicorum·
1592 1839 1593 1872 ;

260 1939 283 1979 ia
298 1938 359 1999 que
390 1919 558 1979 exitiorum
590 1917 784 1980 clandestina
816 1917 958 1992 consilia,
998 1926 1030 1978 et
1062 1937 1121 1999 pro
1152 1916 1253 1997 gloria
1271 1917 1407 1992 habita,
1445 1936 1515 2000 quae
1592 1945 1593 1979 3

297 2025 447 2106 quamdiu
470 2025 606 2106 opprimi
629 2032 771 2106 possunt,
794 2023 912 2085 scelera
935 2033 1019 2099 sunt,
1043 2033 1152 2106 raptus
1175 2044 1213 2086 ac
1237 2032 1347 2106 stupra
1370 2033 1402 2086 et
1425 2045 1466 2086 ne
1485 2044 1515 2084 os
1592 2083 1593 2087 ,

297 2131 424 2212 quidem
455 2129 572 2193 libidini
602 2139 782 2212 exceptum.
829 2131 914 2191 adde
942 2150 1024 2191 nunc
1060 2130 1185 2211 publica
1219 2131 1353 2212 periuria
1383 2131 1541 2210 gentiunt
1592 2168 1593 2194 ;

298 2247 330 2298 et
360 2246 452 2318 rupta
482 2236 613 2299 foedera
635 2246 668 2298 et
698 2237 850 2318 praedam
881 2234 1045 2304 ualidioris.
1073 2235 1225 2318 quidquid
1256 2257 1321 2298 non
1359 2237 1516 2298 resistebat

297 2343 484 2417 abductum,
515 2341 833 2425 circumscriptiones,
866 2341 963 2416 furta,
990 2339 1129 2417 fraudes,
1159 2341 1377 2418 infitiationes,
1412 2342 1515 2424 quibus
1592 2405 1593 2409 ,

257 2469 283 2509 ao
296 2450 377 2509 trina
399 2469 463 2509 non
487 2448 641 2510 sufficiunt
663 2447 739 2510 fora.
769 2450 810 2509 'si
832 2457 955 2510 tanturn
979 2448 1067 2510 irasci
1090 2449 1136 2509 uis
1159 2449 1348 2530 sapientem,
1372 2458 1514 2529 quantum
1592 2483 1593 2516 3

297 2553 450 2616 scelerum
466 2555 633 2636 indignitas
649 2556 755 2636 exigit,
779 2576 843 2616 non
866 2556 1063 2616 irascendum
1084 2553 1132 2628 illi,
1156 2556 1214 2616 sed
1233 2556 1451 2617 insaniendum
1467 2562 1514 2616 est.
1592 2591 1593 2623 3

385 2661 425 2722 X.
457 2661 536 2723 Illud
559 2663 664 2744 potius
680 2661 844 2742 cogitabis,
867 2681 932 2722 non
952 2681 1021 2723 esse
1036 2661 1232 2723 irascendum
1249 2661 1415 2730 erroribus,
1447 2662 1514 2744 quid
1529 2679 1538 2728 l

297 2768 389 2843 enim,
413 2769 438 2830 si
461 2769 530 2850 quis
553 2770 702 2830 irascatur
725 2769 755 2829 in
778 2768 916 2830 tenebris
939 2788 1050 2850 parurn
1067 2769 1199 2846 uestigia
1214 2777 1301 2828 certa
1315 2768 1513 2848 ponentibus?
1592 2837 1593 2840 Ἴ

296 2875 388 2956 quid,
419 2876 445 2936 si
475 2877 544 2956 quis
573 2877 673 2937 surdis
704 2876 835 2957 imperia
857 2894 923 2935 non
946 2873 1205 2936 exaudientibus?
1244 2875 1332 2954 quid,
1364 2876 1390 2936 si
1412 2874 1513 2956 pueris,

256 2999 283 3040 aa
297 2982 384 3061 quod
414 2981 562 3062 neglecto
593 2983 735 3063 dispectu
768 2980 943 3044 officiorum
966 2982 1008 3042 ad
1036 2980 1120 3042 lusus
1143 2989 1175 3041 et
1198 2982 1323 3062 ineptos
1347 2981 1513 3062 aequalium
1592 3047 1593 3052 γ

296 3087 383 3148 iocos
414 3091 579 3168 spectent?
625 3089 716 3170 quid,
748 3089 774 3150 si
803 3086 952 3160 inbecillis
982 3088 1071 3149 irasci
1103 3087 1195 3161 ueliS,
1228 3088 1316 3168 quod
1347 3094 1513 3167 aegrotant,

296 3201 471 3268 senescunt,
495 3193 683 3274 fatigantur?
721 3196 801 3256 inter
829 3203 933 3256 cetera
957 3192 1154 3255 mortalitatis
1177 3194 1384 3255 incommoda
1406 3202 1437 3254 et
1459 3192 1514 3253 hoc
1592 3261 1593 3265 η

296 3306 360 3372 est,
391 3299 494 3379 caligo
525 3302 677 3362 mentium
709 3321 767 3362 nec
797 3309 921 3362 tantum
951 3300 1121 3362 necessitas
1145 3300 1277 3373 errandi,
1300 3301 1359 3361 sed
1383 3317 1513 3362 errorum

296 3424 395 3467 amor.
449 3427 490 3468 ne
527 3407 655 3486 singulis
692 3408 848 3481 irascaris,
886 3407 1036 3468 uniuersis
1067 3406 1296 3484 ignoscendum
1328 3415 1385 3480 est,
1415 3404 1539 3485 generi?

255 3528 281 3569 30
296 3509 435 3574 humano
471 3513 563 3573 uenia
597 3514 763 3574 tribuenda
793 3521 849 3574 est.
903 3513 932 3584 si·
957 3513 1098 3573 irasceris
1133 3511 1294 3573 iuuenibus
1325 3512 1512 3590 senibusque,

296 3658 507 3668 -q-

296 3758 312 3810 2
332 3759 410 3808 coorti
428 3764 469 3809 stit
490 3759 527 3825 (ἐπ
546 3773 612 3820 ras„
628 3756 684 3826 sm't
699 3758 824 3826 fortasse
842 3758 956 3825 coartati)
1040 3761 1055 3810 b'
1074 3760 1196 3826 nouercae
1280 3764 1296 3812 ὅ
1316 3758 1443 3809 describsit

295 3864 324 3896 ex
349 3841 396 3895 una
420 3848 499 3912 parte]
524 3863 554 3895 ex
577 3864 626 3896 uno
651 3864 755 3912 corpore
780 3845 934 3900 dubitanter
958 3846 1034 3900 Kocft
1059 3847 1129 3902 conl.
1155 3848 1190 3903 de
1214 3847 1289 3902 elem.
1313 3851 1336 3912 1,
1364 3850 1403 3909 12,
1422 3847 1436 3896 2
1453 3845 1511 3894 siin

295 3937 385 3985 hostile
403 3952 494 3985 nornen
513 3937 578 3984 ciues
597 3943 621 3984 et
640 3953 668 3985 ex
688 3938 775 3986 eodem
796 3953 900 4001 corpore
920 3939 1016 4001 abrupti
1035 3939 1181 4000 transierint,
1200 3935 1275 4006 quod
1286 3934 1440 4006 exemplum
1456 3947 1511 3986 cum

294 4021 357 4076 eliis
375 4021 493 4076 eiusdem
511 4024 622 4093 perieris
646 4023 742 4091 adfert
760 4023 839 4078 Kritz
859 4024 898 4078 od
919 4023 1111 4093 Veterani,
1134 4029 1191 4089 109,
1213 4030 1224 4078 1
1314 4026 1345 4077 ’11
1366 4023 1511 4090 inquirendas

297 4110 393 4165 Gertz:
415 4114 571 4177 conqrendas
656 4113 688 4165 17
707 4115 804 4163 libidini
824 4114 920 4168 cetere:
942 4115 1045 4164 libidine
1131 4115 1163 4167 18
1181 4117 1251 4180 chd
1336 4114 1369 4166 19
1388 4114 1511 4162 abductum

294 4197 443 4252 Pincianus
461 4206 489 4253 et
506 4199 567 4252 alit:
589 4203 700 4253 adductl'l
788 4203 820 4255 23
841 4210 907 4252 certa
925 4218 979 4255 non
998 4205 1065 4252 circa
1084 4201 1144 4256 eod.
1235 4202 1268 4254 26
1288 4203 1407 4252 inbecillis
1424 4195 1508 4254 Ifocft:

295 4287 342 4337 illis
361 4287 430 4354 eod,
456 4287 530 4357 quod
549 4286 690 4343 Schultess
713 4290 741 4342 in
761 4292 815 4340 aliis
834 4296 928 4354 nzutet,
951 4288 1032 4344 Gertz
1057 4291 1094 4344 ita
1120 4296 1210 4344 tuetur
1228 4295 1339 4361 etpost
1357 4292 1414 4340 uelis
1431 4284 1510 4340 addat

295 4379 335 4440 qui
354 4377 468 4426 labuntur
