3234 5336
219 378 249 418 lV
585 377 754 420 PRAEFATIO
769 378 918 420 IOHANNIS
933 379 1076 421 vanuum.

220 522 440 585 Ambrosiano
472 544 509 585 ea
541 525 661 586 ratione
692 543 764 585 usus
795 531 879 598 erat,
910 544 991 605 quae
1022 525 1078 605 ipsi
1106 525 1251 605 quidem,
1283 527 1451 608 praecipue

220 639 338 700 recenti
362 659 381 700 a
404 638 604 721 pervolutato
634 641 760 712 codice,
792 637 971 701 satisfacere
1002 649 1127 720 posset,
1166 642 1224 702 sed
1253 642 1307 722 qui
1337 649 1451 722 postea

220 755 397 827 accederet,
421 774 494 814 eum
518 774 581 815 non
605 762 714 834 posset
738 775 800 815 non
826 752 1054 816 molestissimis
1078 755 1327 818 dubitationibus
1349 757 1449 838 impe·

219 869 294 929 dire.
342 867 435 949 Quae
467 889 539 930 cum
570 870 614 931 ita
645 878 765 944 essent,
796 868 934 932 intellexi
963 869 1106 932 laborem
1130 869 1205 932 mihi
1228 870 1329 932 multo
1353 892 1448 952 quam

219 993 425 1065 expectarem
449 982 635 1065 ampliorem
659 993 767 1045 natum
784 986 1023 1067 impensamque
1038 986 1191 1066 temporis
1207 988 1329 1067 requiri,
1352 1008 1448 1069 quam

219 1097 293 1160 mihi
325 1102 402 1160 meis
434 1100 569 1178 negotiis
593 1119 657 1160 non
679 1081 801 1180 vulgari
825 1101 924 1161 modo
948 1101 1116 1180 negotioso
1140 1101 1171 1162 in
1195 1102 1321 1163 edendo
1345 1101 1448 1168 alieno

217 1212 298 1274 libro
323 1212 427 1275 iacere
450 1233 545 1304 aegre
569 1234 754 1276 concessum
779 1223 854 1276 erat.
903 1215 1026 1277 Tamen
1058 1214 1155 1277 fidem
1179 1217 1333 1278 amicitiae
1358 1219 1447 1278 dese-

218 1349 287 1389 rere
309 1327 395 1390 nolui
419 1349 573 1411 spemque
596 1331 714 1390 irritam
730 1331 864 1392 reddere
880 1351 976 1412 quam
992 1331 1059 1411 ipse
1075 1329 1219 1392 Kochius
1234 1347 1308 1392 anre
1324 1331 1447 1392 obitum

217 1453 416 1524 conceperat,
439 1445 465 1505 si
486 1445 529 1506 ab
552 1444 701 1507 inchoato
725 1465 821 1526 opere
842 1446 1069 1507 discedendum
1086 1453 1179 1518 esset,
1202 1445 1268 1507 lore
1284 1455 1319 1507 ut
1334 1445 1447 1508 librum

217 1557 346 1619 orbum¹
364 1578 427 1638 ego
459 1577 564 1621 meam
595 1560 625 1620 in
656 1559 787 1621 tutelam
818 1561 1027 1640 susciperem
1068 1580 1106 1621 ac
1140 1558 1291 1623 dolebam
1322 1569 1446 1622 tantum

217 1693 309 1734 curae
332 1693 369 1734 ac
393 1673 573 1754 diligentiae
595 1674 625 1735 in
649 1675 851 1737 emendando
869 1675 930 1736 hoc
946 1675 1099 1756 scriptore
1116 1684 1279 1756 sumptum
1294 1673 1446 1737 oblivioni

217 1789 284 1849 dari
307 1799 339 1850 et
362 1789 588 1852 infructuosum
612 1791 721 1864 iacere,
745 1791 797 1871 qui
820 1791 1005 1872 praesertim
1028 1789 1112 1852 haud
1136 1790 1326 1870 ignorarem,
1349 1811 1445 1871 quam

216 1912 342 1966 strenue
363 1924 401 1966 ac
416 1925 517 1986 paene
533 1904 652 1967 fervide
667 1904 810 1966 Kochius
826 1907 977 1967 extremis
994 1907 1078 1974 vitae
1093 1905 1181 1968 annis
1196 1915 1446 1985 aggravescente

215 2020 278 2080 iam
310 2020 425 2081 morbo
458 2020 488 2081 id
512 2040 644 2102 operam
669 2021 826 2095 dedisset,
858 2029 892 2082 ut
915 2019 1038 2084 Seneca
1060 2022 1189 2102 quidem
1212 2022 1389 2082 studiorum
1413 2030 1446 2082 et

214 2135 330 2213 ingenii
352 2135 399 2196 sui
415 2137 643 2197 documentum
660 2144 785 2197 extaret
800 2156 865 2197 non
880 2136 1060 2216 indignum;
1087 2136 1303 2198 emolumenta
1318 2156 1445 2217 quoque

216 2250 405 2329 reputabam
430 2271 512 2332 quae
535 2271 577 2312 ex
601 2252 688 2313 edito
711 2250 792 2313 libro
815 2252 856 2313 ad
880 2253 1063 2332 superstites
1087 2254 1152 2314 eius
1168 2252 1306 2313 reditura
1320 2260 1442 2325 essent;

215 2367 418 2446 maximeque
437 2405 439 2410 -
456 2363 630 2446 intelligere
659 2366 806 2452 videbar,
845 2366 987 2429 adhibita
1017 2388 1112 2429 manu
1144 2367 1320 2428 correctrici
1349 2385 1445 2447 posse

214 2480 289 2558 fieri,
314 2490 355 2548 ut,
371 2479 450 2542 haec
473 2481 578 2556 editio,
601 2501 682 2561 quae
697 2479 904 2542 Ambrosiani
927 2479 1117 2562 exemplaris
1141 2481 1319 2542 testimonia
1343 2480 1445 2542 multo

215 2615 309 2676 quam
344 2604 417 2657 ante
447 2594 568 2677 plenius
599 2605 631 2658 et
661 2597 834 2658 accuratius
866 2597 1040 2678 perscripta
1070 2604 1194 2656 teneret
1224 2595 1445 2676 scriptorisque

215 2712 393 2772 orationem
425 2731 489 2772 non
520 2731 591 2773 raro
616 2710 803 2772 dubitationi
827 2711 1003 2773 obnoxiam
1028 2711 1105 2772 scite
1129 2709 1267 2771 collectis
1291 2709 1446 2792 exemplis

216 2827 407 2909 declararet,
444 2826 492 2888 his
523 2828 754 2907 cognoscendis
785 2837 817 2887 et
848 2825 1061 2907 perpoliendis
1092 2824 1233 2888 Senecae
1265 2825 1349 2886 libris
1380 2845 1444 2887 non

213 2941 324 3004 leviter
354 2943 530 3022 prodesset.
577 2942 687 3022 Itaque
718 2951 862 3022 paratum
894 2950 927 3002 et
957 2941 1172 3021 compositum
1200 2939 1368 3002 aKochio
1399 2941 1443 3002 in-

214 3067 424 3119 strumentum
457 3058 598 3118 criticum
626 3058 804 3118 ordinando
828 3058 1000 3118 recidendo
1023 3056 1172 3118 addendo
1196 3056 1236 3117 ad
1260 3055 1444 3117 habiliorem
1478 3119 1481 3124 ,

213 3175 366 3247 formam,
390 3182 424 3233 ut
447 3173 549 3254 potui,
573 3173 717 3251 redigere
739 3172 861 3235 studui:
889 3179 921 3232 et
943 3172 1095 3252 imprimis
1118 3172 1246 3262 quidem
1271 3169 1370 3231 ordini
1387 3189 1444 3230 no·

214 3301 328 3362 tarum,
352 3289 438 3349 cuius
462 3307 579 3368 magna
601 3288 652 3348 vis
670 3301 719 3348 est
741 3289 773 3347 in
789 3285 836 3347 his
853 3285 1121 3348 commentariolis
1137 3287 1272 3357 minutia,
1297 3285 1445 3357 consului,

214 3406 309 3494 recidi
340 3415 446 3465 autem
476 3402 655 3484 quisquilias
685 3402 800 3462 multas
834 3403 985 3463 ecodice
1016 3379 1176 3475 enotatas,
1208 3420 1341 3482 quarum
1366 3399 1444 3460 utili·

214 3529 314 3580 tatem
340 3518 458 3580 nullam
482 3519 678 3601 dispicerem,
702 3521 869 3597 praecipue
891 3516 1046 3578 nonnullis
1071 3516 1227 3578 scribendi
1251 3525 1306 3577 aut
1321 3517 1445 3576 errandi

213 3636 382 3716 generibus
405 3637 437 3696 in
460 3635 519 3709 illa,
543 3655 638 3715 quam
662 3633 742 3695 libro
758 3653 815 3695 suo
838 3609 1075 3714 praefigendam
1093 3634 1196 3693 editor
1212 3633 1444 3712 perscripserat,

214 3755 255 3812 de
279 3752 389 3812 codice
414 3749 642 3812 Mediolanensi
665 3753 944 3821 commentatione,
967 3751 1149 3811 summatim
1178 3749 1378 3828 disceptatis;
1413 3755 1445 3807 et

213 3878 321 3929 tamen
347 3861 398 3927 iel
421 3868 465 3927 sic
489 3866 588 3927 multa
611 3866 718 3928 relicta
740 3874 826 3957 sunt,
850 3886 932 3946 quae
955 3868 980 3927 si
1004 3885 1053 3926 res
1077 3864 1169 3944 plane
1193 3866 1314 3942 integra
1337 3859 1445 3936 fuisset

213 3991 267 4044 aut
292 3981 368 4044 mihi
392 3983 470 4044 meis
494 3981 668 4043 rationibus
691 3983 821 4042 omnino
846 4001 940 4061 agere
963 3980 1107 4053 licuisset,
1131 3977 1226 4040 nihilo
1247 3979 1348 4056 magis
1364 3974 1443 4036 tole-

213 4099 383 4180 ravissem3
411 4101 468 4159 sed
493 4098 625 4159 modum
649 4097 835 4179 imponebat
857 4099 946 4176 quod
969 4095 1039 4157 illae
1054 4104 1205 4176 quattuor
1220 4093 1366 4174 plagulae
1381 4093 1444 4152 iam

212 4213 298 4292 typis
331 4233 503 4295 expressae
534 4224 639 4286 erant,
670 4212 730 4273 alia
760 4211 1016 4290 subterfugerunt
1047 4209 1297 4288 impmdentem,
1328 4215 1382 4268 aut
1404 4225 1445 4266 ne

213 4327 325 4388 nimius
348 4349 451 4389 essem
476 4343 510 4389 ut
533 4327 568 4389 fit
592 4348 664 4389 cum
682 4327 779 4388 multa
796 4326 935 4388 delerem
952 4325 1102 4387 nonnulla
1117 4343 1181 4384 non
1197 4324 1285 4384 movi
1299 4323 1444 4402 quamvis

213 4462 276 4502 non
310 4445 441 4504 meliore
473 4445 537 4504 iure
568 4444 634 4504 aliis
665 4442 770 4504 locum
801 4442 989 4505 obtinerent
1035 4440 1180 4519 Denique
1210 4459 1275 4499 non
1305 4439 1349 4498 ita
1372 4456 1443 4498 raro
