3212 5326
296 344 356 402 110
657 335 735 378 DlAL.
751 337 777 379 V.
808 335 913 376 DElRA
929 335 1040 378 uuiti.
1068 338 1151 379 imit.

290 502 410 565 parare,
433 483 573 544 inimicos
596 483 755 564 mitigare,
779 482 1005 564 rempublicam
1030 483 1265 559 administrare,
1296 459 1467 547 trarrslerre
1489 485 1518 545 in

291 609 341 652 rec
371 590 562 652 domesticas
589 609 736 672 operam,
767 610 864 670 quam
895 590 1149 671 circumspicere,
1187 590 1262 671 quid
1294 590 1383 653 alicui
1414 589 1518 652 iacere

291 697 393 778 possis
422 696 512 770 mali,
542 697 630 778 quod
661 704 715 759 aut
746 697 891 776 dignitati
922 697 987 758 eius
1018 705 1072 758 aut
1101 685 1292 778 patrimonio
1315 706 1368 759 aut
1393 699 1518 779 corpori

292 802 405 864 uolnus
431 803 568 883 infligas,
599 823 671 866 cum
695 803 727 864 id
750 802 806 864 tibi
830 803 1013 883 contingere
1036 803 1102 864 sine
1125 805 1296 866 certamine
1319 825 1357 866 ac
1379 803 1518 885 periculo

265 929 357 970 anon
378 911 489 991 possit,
511 911 633 972 etiamsi
656 931 729 972 cum
751 909 896 972 inferiore
919 929 1095 972 concurses,
1135 910 1273 972 uinctum
1297 910 1369 972 licet
1385 912 1543 993 accipias3

292 1018 388 1078 etad
412 1017 574 1078 arbitrium
597 1025 687 1078 tuum
711 1017 798 1078 omni
821 1017 990 1098 patientiae
1014 1017 1218 1098 expositum:
1243 1037 1339 1099 saepe
1363 1018 1460 1079 nimia
1476 1017 1518 1078 uis

292 1124 452 1184 caedentis
474 1132 530 1185 aut
551 1122 715 1185 articulum
738 1123 812 1184 loco
836 1123 935 1185 mouit
955 1132 1010 1185 aut
1026 1143 1159 1184 neruum
1175 1124 1205 1184 in
1221 1123 1269 1184 his
1284 1144 1366 1205 quos
1382 1123 1518 1204 fregerat

291 1229 438 1291 dentibus
476 1229 553 1291 fixit
607 1229 725 1292 multos
763 1230 921 1292 iracundia
952 1249 1100 1303 mancos,
1139 1230 1257 1292 multos
1286 1229 1407 1292 debiles
1440 1230 1517 1305 fecit,

292 1337 386 1397 etiam
418 1335 471 1398 ubi
501 1336 673 1418 patientem
705 1345 820 1398 nancta
855 1344 903 1398 est
939 1336 1112 1397 materiam.
1150 1335 1256 1416 ¹adice
1294 1356 1393 1411 nunc,
1433 1339 1517 1418 quod

256 1459 279 1498 ro
293 1441 366 1504 nihil
389 1453 456 1504 tam
479 1440 621 1505 inbecille
651 1451 761 1503 natum
792 1451 857 1516 est,
894 1453 929 1504 ut
959 1443 1025 1504 sine
1056 1442 1201 1505 elidentis
1232 1442 1371 1525 periculo
1402 1453 1517 1526 pereat.

223 1525 229 1543 ι
292 1548 454 1610 inbecillos
485 1548 701 1610 ualentissimis
732 1548 808 1611 alias
840 1547 949 1623 dolor,
988 1549 1063 1610 alias
1094 1569 1184 1610 casus
1215 1558 1383 1630 exaequat.
1437 1552 1542 1632 quidl

292 1656 380 1736 quod
417 1655 566 1736 pleraque
605 1675 731 1729 eorum,
768 1665 900 1737 propter
930 1675 1012 1737 quae
1049 1655 1226 1730 irascimur,
1264 1656 1432 1719 offendunt
1457 1678 1517 1742 'nos

293 1763 394 1842 magis
432 1783 528 1843 quam
567 1762 717 1824 laedunt?
764 1760 897 1822 multum
936 1769 1043 1824 autem
1082 1763 1227 1837 interest,
1267 1770 1372 1825 utrum
1412 1764 1516 1846 aliquis

293 1869 446 1931 uoluntati
483 1889 573 1931 meae
605 1877 713 1950 opstet
744 1888 784 1929 an
816 1867 913 1942 desit,
951 1868 1060 1950 eripiat
1092 1889 1133 1930 an
1164 1889 1228 1932 non
1259 1871 1323 1932 det.
1374 1872 1461 1951 atqui
1491 1871 1516 1931 in

256 1991 279 2030 ¹⁵
293 1996 397 2057 aequo
434 1977 596 2058 ponimus,
634 1985 739 2037 utrum
776 1974 884 2055 aliquis
921 1973 1041 2037 auferat
1071 1995 1111 2036 an
1142 1985 1253 2056 neget,
1294 1986 1399 2038 utrum
1431 1996 1515 2058 spem

292 2093 433 2146 nostram
465 2059 627 2164 praecidat
656 2102 696 2143 an
727 2080 869 2154 differat,
900 2089 1003 2142 utrum
1035 2091 1146 2144 contra
1176 2102 1235 2144 nos
1265 2080 1358 2144 saciat
1390 2103 1431 2144 an
1463 2104 1515 2165 pro

291 2210 342 2264 se,
373 2209 484 2252 amore
521 2188 647 2251 alterius
686 2209 726 2249 an
764 2188 841 2249 odio
878 2189 986 2248 nostri.
1031 2189 1161 2269 quidam
1192 2209 1268 2250 uero
1300 2209 1364 2250 non
1396 2190 1542 2253 tantum&

292 2297 388 2360 iustas
412 2315 521 2358 causas
543 2296 648 2358 standi
671 2303 782 2358 contra
805 2315 872 2372 nos,
896 2296 954 2356 sed
978 2295 1072 2356 etiam
1095 2294 1246 2356 honestas
1269 2295 1408 2360 habent:
1446 2296 1515 2357 alius

292 2412 415 2484 patrem
447 2411 568 2476 tuetur,
599 2401 676 2464 alius
707 2400 852 2474 fratrem,
884 2400 961 2462 alius
991 2402 1141 2481 patriam,
1172 2401 1249 2462 alius
1279 2403 1425 2464 amicum.
1475 2403 1515 2463 his

253 2521 279 2562 '2⁰
293 2517 401 2570 tamen
425 2529 489 2570 non
512 2509 704 2589 ignoscimus
727 2508 758 2569 id
782 2507 976 2582 iacientibus
1000 2508 1167 2588 quodnisi
1191 2507 1337 2584 lacerent,
1361 2509 1512 2590 improba·
1577 2507 1580 2520 '

293 2635 407 2690 remus,
428 2617 535 2689 imm0,
552 2616 640 2696 quod
655 2625 704 2676 est
719 2614 908 2688 incredibile,
925 2634 1021 2696 saepe
1037 2617 1078 2676 dc
1093 2612 1178 2676 sacto
1195 2615 1277 2676 bene
1293 2615 1513 2688 existimamus,

293 2720 333 2784 de
356 2721 488 2784 iaciente
512 2721 603 2783 male.
641 2730 675 2782 at
698 2741 750 2783 me
773 2719 915 2782 hercules
939 2722 984 2782 uir
1000 2741 1134 2802 magnus
1150 2740 1187 2782 ac
1202 2722 1300 2783 iustus
1316 2719 1541 2784 fortissimumb¹

292 2847 451 2910 quemque
482 2849 524 2890 ex
556 2827 700 2890 hostibus
731 2828 793 2888 suis
817 2835 849 2888 et
872 2847 931 2908 pro
954 2826 1100 2889 libertate
1123 2848 1161 2890 ac
1182 2827 1284 2890 salute
1307 2829 1428 2910 patriae
1451 2847 1512 2909 pcr-

292 2935 516 2998 tinacissimum
539 2935 666 3016 suspicit
690 2944 722 2996 et
745 2933 841 2997 talem
865 2935 924 2996 sibi
940 2935 1051 3009 ciuem,
1075 2933 1173 2996 talem
1188 2933 1320 2997 militem
1337 2935 1512 3015 contingere

253 3054 279 3094 '2⁵
294 3050 393 3122 optat.
1167 3023 1172 3036 ⁸

382 3147 500 3209 XXIX.
538 3147 646 3228 Turpe
674 3157 722 3209 est
745 3148 852 3208 odisse
874 3167 970 3228 quem
986 3147 1122 3210 laudes:
1157 3155 1276 3229 quanto
1301 3153 1379 3210 uero
1402 3148 1536 3228 turpiusl

294 3252 337 3316 ob
369 3255 400 3314 id
431 3253 565 3335 aliquem
597 3255 719 3328 odisse,
751 3263 883 3335 propter
905 3255 993 3334 quod
1016 3255 1228 3316 misericordia
1251 3255 1366 3334 dignus
1390 3257 1454 3316 est?
1488 3253 1511 3314 si

293 3359 436 3440 captiuus
466 3361 498 3421 in
528 3361 711 3423 seruitutem
743 3360 848 3424 subito
881 3362 1048 3442 depressus
1079 3360 1221 3441 reliquias
1251 3360 1404 3423 libertatis
1433 3367 1511 3421 tenet

294 3485 352 3528 nec
382 3468 424 3528 ad
454 3467 584 3530 sordida
614 3487 651 3529 ac
674 3467 832 3530 laboriosa
849 3461 1025 3530 ¹ministeria
1047 3467 1135 3548 agilis
1159 3468 1308 3541 occurrit,
1341 3469 1367 3528 si
1389 3487 1430 3528 ex
1450 3465 1509 3526 otio

253 3584 279 3623 ³⁰
293 3574 383 3655 piger
413 3593 530 3654 equum
561 3573 802 3655 uehiculumque
834 3575 953 3635 domini
984 3595 1075 3636 cursu
1103 3595 1167 3636 non
1189 3583 1365 3654 exaequat,
1395 3574 1419 3634 si
1440 3573 1510 3633 inter

294 3679 635 3762 cotidianaperuigilia
659 3682 775 3742 sessum
799 3700 929 3742 somnus
953 3682 1124 3763 oppressit,
1156 3682 1181 3742 si
1205 3681 1354 3743 rusticum
1378 3678 1508 3740 laborem

294 3795 418 3847 recusat
448 3795 502 3848 aut
530 3807 593 3848 non
624 3785 745 3848 sortiter
776 3787 844 3848 obit
867 3807 886 3847 a
908 3789 1059 3849 seruitute
1090 3787 1211 3849 urbana
1235 3796 1266 3848 et
1289 3785 1398 3850 seriata
1419 3795 1507 3847 trans·

294 3892 376 3954 latus
406 3892 448 3954 ad
476 3894 589 3954 durum
617 3913 717 3974 opus:
752 3894 988 3973 distinguamus
1012 3902 1117 3955 utrum
1140 3893 1248 3976 aliquis
1271 3913 1336 3956 non
1360 3891 1450 3974 possit
1469 3895 1537 3949 anz’

294 3997 390 4060 nolit:
417 3998 535 4062 multos
557 3999 768 4074 absoluemus‚
791 4000 817 4060 si
840 4001 1037 4082 coeperimus
1060 4009 1133 4063 ante
1156 4001 1293 4063 iudicare
1313 4020 1406 4082 quam
1420 3995 1507 4058 irasci.

1443 4161 1449 4190 l

295 4225 415 4278 luulnus
508 4221 632 4300 9naircta
743 4229 773 4280 14
799 4230 880 4279 obstet
906 4229 932 4295 (b
958 4243 996 4282 ex
1021 4229 1140 4294 poorr.)
1253 4165 1305 4295 adq
1375 4229 1406 4280 22
1423 4207 1506 4287 adme

296 4343 406 4394 hercules
502 4343 536 4395 26
562 4345 613 4394 esto'
634 4346 770 4409 dissequem
867 4343 901 4396 27
920 4329 997 4418 mium
1094 4342 1129 4396 30
1153 4361 1241 4409 equum
1260 4338 1419 4410 (miurus.)

298 4439 331 4492 31
351 4442 489 4492 cottidiana
579 4441 613 4494 32
631 4443 686 4491 obit
705 4438 764 4495 E.³:
786 4441 849 4490 obiit
957 4441 990 4495 34
1010 4442 1146 4511 ceperimus
1202 4481 1203 4484 ,
