3212 5318
270 311 332 372 254
416 306 496 348 DlAL.
512 305 551 348 xi.
580 305 621 346 AD
637 303 773 346 Hacvmtn
789 304 920 346 MATREM
935 303 976 344 DE
991 303 1233 346 CONSOLATIONE.
1264 306 1295 346 ll.
1312 307 1344 347 lb.

272 451 511 514 commodando
534 450 599 514 aliis
622 449 773 540 fatigant:
807 460 841 513 tu
864 449 1034 513 liberorum
1058 459 1185 534 tuorum
1208 449 1300 512 bonis
1322 449 1521 532 plurimum3

268 559 376 640 ganisa
400 579 450 632 es,
481 559 643 619 minimum
669 577 732 622 usa.
777 566 811 619 tu
834 555 1010 619 liberalitati
1032 565 1159 620 nostrae
1182 578 1310 638 semper
1329 558 1492 640 inposuisti

269 666 418 754 modum,
450 684 522 726 curn
553 673 625 726 tuae
655 685 720 726 non
751 664 926 746 inponeres.
971 671 1005 725 tu
1037 662 1098 726 filia
1129 662 1262 726 familiae
1284 663 1493 746 locupletibus

268 770 336 834 filiis
367 771 449 834 ultro
480 769 645 833 contulisti.
691 782 724 832 tu
756 771 946 852 patrimonia
976 780 1086 832 nostra
1115 771 1159 832 sic
1189 770 1429 846 administrasti,
1462 780 1494 832 ut

241 888 432 960 ttamquam
464 879 525 940 tuis
554 877 731 952 laborares,
764 888 928 958 tamquam
961 876 1067 938 alienis
1090 877 1270 940 abstineres.
1317 887 1351 938 tu
1374 877 1494 958 gratiae

269 994 404 1060 nostrae,
429 995 592 1067 tamquam
616 984 723 1046 alienis
746 985 841 1046 rebus
865 985 1004 1059 utereris,
1027 985 1193 1065 pepercisti
1215 994 1247 1046 et
1263 1004 1305 1044 ex
1320 983 1494 1046 honoribus

269 1093 384 1154 nostris
415 1091 489 1154 nihil
520 1093 561 1153 ad
591 1100 623 1153 te
655 1093 712 1153 nisi
744 1091 890 1172 uoluptas
914 1100 946 1153 et
969 1091 1099 1171 inpensa
1122 1091 1287 1171 pertinuit:
1321 1111 1494 1172 numquam

226 1179 229 1185 ¹
269 1198 462 1279 indulgentia
484 1200 525 1260 ad
549 1196 714 1260 utilitatem
738 1199 885 1279 respexit.
933 1217 997 1258 non
1025 1205 1118 1278 potes
1142 1197 1246 1278 itaque
1269 1217 1307 1258 ea
1330 1198 1360 1258 in
1383 1206 1494 1278 erepto

268 1303 332 1366 filio
356 1305 543 1389 desiderare,
566 1324 648 1386 quae
672 1304 704 1364 in
728 1303 874 1367 incolumi
897 1323 1070 1384 numquam
1092 1304 1135 1366 ad
1150 1313 1183 1364 te
1197 1303 1353 1384 pertinere
1369 1305 1494 1366 duxisti

232 1424 255 1464 ¹0
358 1411 431 1473 XV.
477 1411 533 1473 Illo
559 1410 661 1473 omnis
685 1410 861 1473 consolatio
885 1410 959 1472 mihi
983 1411 1136 1472 uertenda
1159 1419 1220 1485 est,
1243 1411 1330 1481 unde¹
1351 1430 1427 1473 uera
1451 1411 1521 1484 uis-1

269 1519 402 1581 materni
425 1516 543 1579 doloris
566 1518 681 1580 oritur:
709 1538 771 1598 ego
795 1516 954 1600 conplexu
978 1516 1019 1578 fili
1043 1517 1191 1578 carissimi
1215 1535 1316 1591 care0,
1339 1538 1404 1578 non
1420 1537 1493 1579 con-

268 1634 379 1707 spectu
411 1625 491 1698 11115,
520 1644 585 1685 non
616 1644 762 1686 sermone
794 1644 925 1705 possum
957 1623 1022 1686 frui.
1068 1623 1121 1684 ubi
1153 1634 1201 1686 est
1232 1622 1297 1698 ille,
1334 1645 1398 1705 quo
1428 1625 1495 1686 uiso

258 1733 390 1794 ‘tristem
415 1729 536 1792 uoltum
560 1729 709 1804 relaxaui,
733 1731 763 1792 in
786 1750 850 1811 quo
872 1751 984 1792 omnes
1000 1725 1223 1793 sollicitudines
1239 1751 1326 1792 meas
1342 1731 1494 1810 deposui?

269 1839 323 1901 ubi
357 1837 539 1919 conloquia,
578 1857 713 1919 quorum
751 1835 948 1918 inexplebilis
987 1840 1095 1898 eram?
1132 1836 1188 1923 ubi
1226 1837 1344 1912 studia,
1382 1837 1494 1918 quibus

233 1935 532 2025 Ι511111111111111111111
556 1942 686 2020 semina,
712 1943 889 2006 familiarius
912 1963 1008 2024 quam
1033 1952 1134 2005 mater
1157 1944 1345 2006 intereram?
1377 1943 1432 2006 ubi
1455 1942 1494 2004 illi

269 2056 437 2126 occursus?
476 2052 529 2114 ubi
567 2061 668 2113 matre
698 2051 764 2112 uisa
793 2070 920 2132 semper
952 2050 1076 2132 puerilis
1107 2050 1264 2114 hilaritas?
1303 2051 1401 2114 adicis
1431 2052 1524 2128 istisp
1599 2096 1600 2100 ,

269 2160 339 2222 loca
362 2161 429 2240 ipsa
453 2157 697 2238 gratulationum
721 2167 753 2220 et
776 2157 977 2220 conuictuum
1001 2166 1049 2232 et,
1081 2166 1116 2220 ut
1144 2177 1272 2220 necesse
1296 2165 1360 2232 est,
1392 2157 1492 2221 effica-

270 2267 409 2328 cissimas
440 2267 482 2326 ad
513 2266 678 2327 uexandos
701 2265 825 2327 animos
848 2265 982 2326 recentis
1005 2265 1251 2326 conuersationis
1274 2273 1387 2343 notas.⁴
1422 2285 1493 2325 nam

269 2373 332 2435 hoc
364 2392 491 2454 quoque
522 2372 672 2433 aduersus
704 2381 737 2433 te
768 2371 935 2433 crudeliter
965 2369 1091 2433 fortuna
1121 2370 1232 2433 molita
1254 2379 1318 2445 est,
1351 2373 1439 2452 quod
1462 2381 1493 2433 te

229 2489 255 2562 29
270 2489 343 2541 ante
365 2479 506 2540 ‘tertium
543 2478 672 2566 demum
704 2477 788 2539 diem
820 2487 917 2557 quam
949 2477 1110 2558 perculsus
1140 2498 1227 2552 sum,
1263 2497 1408 2540 securam
1437 2497 1494 2540 nec

197 2597 202 2614 ¹
269 2585 437 2666 quicquam
468 2583 530 2646 tale
561 2593 755 2647 metuentem
788 2583 910 2664 regredi
941 2582 1045 2646 uoluit.
1077 2563 1174 2646 ‘bene
1202 2604 1261 2645 nos
1284 2584 1522 2665 longinquitas3

256 2691 411 2753 'locorum
443 2691 599 2753 diuiserat.
646 2691 727 2752 bene
758 2690 877 2770 aliquot
907 2711 1062 2752 annorum
1094 2690 1237 2753 absentia
1259 2691 1331 2752 huic
1353 2699 1388 2752 te
1411 2690 1492 2752 malo

269 2807 530 2880 praeparauerat:
563 2797 670 2858 redisti
693 2817 757 2857 non
782 2805 816 2857 ut
840 2783 1037 2877 uoluptatem
1062 2817 1104 2858 ex
1127 2796 1191 2858 filio
1214 2797 1408 2880 percipereS,
1436 2798 1492 2858 sed

271 2913 304 2967 ut
328 2905 587 2966 consuetudinem
612 2903 756 2964 desiderii
780 2904 937 2984 perderes
969 2905 995 2964 si
1019 2903 1119 2964 multo
1136 2912 1210 2966 ante
1225 2901 1364 2978 aluisses,
1388 2903 1492 2966 fortius

230 3023 255 3061 ²⁵
270 3010 392 3073 tulisses
423 3002 491 3090 ipso
523 3008 686 3070 interuallo
719 3010 909 3070 desiderium
942 3009 1120 3084 molliente:
1155 3011 1180 3071 si
1211 3031 1276 3073 non
1307 3012 1492 3084 recessisses
1525 3049 1526 3052 =

270 3115 412 3177 ultimum
444 3124 528 3177 certe
556 3115 690 3178 fructum
715 3115 812 3176 biduo
837 3115 950 3177 diutius
975 3117 1103 3178 uidendi
1124 3115 1222 3179 filium
1245 3116 1388 3179 tulisses:
1413 3135 1492 3176 nunc

270 3221 397 3284 crudele
421 3220 519 3284 saturn
544 3222 586 3283 ita
609 3223 792 3302 conposuit,
826 3229 860 3283 ut
884 3242 942 3283 nec
965 3220 1109 3284 fortunae
1133 3243 1224 3286 meae
1246 3223 1413 3284 interesses
1433 3241 1491 3284 nec

270 3329 431 3392 absentiae
454 3328 663 3390 adsuesceres.
710 3329 768 3389 sed
791 3338 910 3408 quanto
934 3329 993 3390 ista
1016 3329 1141 3390 duriora
1164 3339 1252 3404 sunt,
1280 3339 1372 3392 tanto
1395 3327 1521 3399 maiori

270 3436 326 3497 tibi
357 3436 453 3496 uirtus
484 3435 671 3496 aduocanda
703 3444 751 3496 est
774 3443 806 3496 et
829 3435 914 3496 uelut
939 3455 1010 3496 curn
1035 3434 1128 3498 hoste
1152 3446 1229 3498 noto
1253 3455 1291 3498 ac
1313 3455 1409 3517 saepe
1429 3435 1489 3496 iam

271 3769 287 3822 2
311 3769 381 3839 niusa
477 3770 616 3820 liberalitati
636 3769 799 3824 deteriores:
820 3771 973 3822 liberalitatis
1067 3773 1203 3837 imposuisti
1239 3792 1242 3800 ·
1298 3771 1315 3824 4
1340 3730 1385 3820 filis

271 3862 392 3911 contulisti
415 3860 426 3910 ἑ
543 3858 558 3909 b
584 3861 629 3908 tuis
650 3857 747 3912 Gertz:
768 3861 840 3909 intuis
954 3862 1039 3911 alienis
1058 3858 1220 3915 Pincianus:
1241 3861 1297 3910 aliis
1401 3859 1415 3912 1
1438 3865 1486 3907 alte

272 3949 365 4019 (prior
384 3955 392 3998 t
411 3949 493 4013 corr.)
565 3946 582 4000 8
604 3953 685 4012 potest
704 3947 804 4014 (altera
822 3957 830 3998 t
850 3947 912 4016 del.)
1010 3948 1025 4002 9
1050 3952 1075 3999 in
1094 3951 1211 4000 incolumi
1229 3947 1337 4003 Haase:
1357 3949 1410 3998 inco
1427 3947 1485 3996 lumi

360 4079 409 4123 ate
428 4071 522 4142 (prior
541 4079 550 4121 t
569 4073 652 4138 corr.)
753 4074 784 4125 11
805 4076 935 4139 complexu
1024 4037 1081 4124 iiiii·
1172 4073 1204 4126 14
1229 4074 1417 4141 inexplanabilis
1435 4072 1485 4134 (bie

190 4169 196 4176 .
271 4195 375 4251 lineolis
395 4195 493 4262 deleta)
586 4197 618 4249 15
644 4198 678 4246 illi
699 4194 795 4250 Gertz:
817 4199 857 4248 ille
951 4197 984 4252 18
1009 4175 1079 4250 notus
1097 4201 1119 4266 (s
1138 4215 1170 4252 m.
1188 4200 1244 4269 pr.)
1332 4161 1366 4250 ’21
1393 4195 1485 4260 regtedt

271 4319 396 4390 lipsius:
418 4323 450 4371 ad
465 4297 513 4386 {ii
609 4319 643 4374 21
668 4330 740 4371 antea
760 4323 843 4373 luisses
945 4323 978 4378 95
1004 4325 1130 4374 molliente
1157 4326 1176 4373 si
1196 4324 1269 4390 (ante
1287 4326 1306 4374 si
1326 4323 1388 4388 rat.)

272 4409 305 4461 27
325 4413 462 4476 composuit
509 4482 512 4486 Ι
