3212 5318
277 311 357 355 DlAL.
374 311 413 356 lx.
443 312 484 354 AD
500 311 641 358 SERENVM
656 313 697 358 DE
709 281 976 368 salnovlm'tnra
988 317 1088 363 anim.
1117 320 1150 364 u.
1260 323 1323 388 215

14 479 15 484 ¹
72 467 329 541 ainterpretetur.
375 461 519 524 nuntiato
550 459 713 542 naufragio
738 459 848 524 Zenon
879 471 1004 538 noster,
1035 482 1107 526 cum
1139 465 1246 528 omnia
1269 485 1325 528 sua

14 617 16 660 3,
99 576 220 638 audiret
252 565 433 642 submersa,
472 565 575 648 iubet,
614 567 728 650 inquit,
769 587 821 632 me
851 567 976 632 fortuna
1006 569 1185 652 expeditius
1219 570 1323 654 philo·

14 679 16 746 ξ
99 678 234 762 sophari.
289 673 468 738 minabatur
498 673 674 738 Theodoro
710 671 903 756 philosopho
941 685 1092 755 tyrannus
1125 685 1260 740 mortem
1291 687 1325 742 et

14 767 16 860 J
98 786 226 869 quidem
266 779 473 864 insepultam:
514 779 631 855 habes,
666 781 782 862 inquit,
819 800 873 844 cur
910 781 966 846 tibi
1003 780 1138 864 placeas.
1199 782 1325 848 hemina

14 885 16 968 ᾗ
98 892 257 974 sanguinis
281 891 311 952 in
335 897 389 951 tua
411 893 573 969 potestate
596 894 665 950 esta
698 905 772 948 nam
796 887 885 968 quod
908 887 949 950 ad
969 886 1163 970 sepulturam
1180 890 1325 972 pertinet,
1352 906 1364 944 ὁ

15 1007 16 1038 r
99 1020 116 1062 o
150 1007 185 1062 te
222 997 382 1078 ineptum,
417 993 442 1056 si
474 1000 567 1075 putas
598 1011 671 1058 mea
702 993 868 1068 interesse,
903 1011 998 1076 supra
1027 1004 1144 1062 terram
1175 1017 1215 1060 an
1246 976 1325 1060 inira

71 1113 286 1188 lputrescam.
332 1101 444 1164 Kanus
471 1097 579 1176 Iulius,
611 1101 655 1162 uir
678 1099 818 1180 inprimis
842 1117 987 1182 magnus,
1019 1103 1104 1166 cuius
1126 1102 1325 1176 admirationi

98 1231 133 1274 ne
156 1209 223 1274 hoc
246 1208 376 1290 quidem
399 1205 523 1282 obstat,
551 1205 640 1287 quod
662 1213 772 1271 nostro
795 1205 921 1270 saeculo
945 1216 1036 1272 natus
1060 1215 1123 1284 est,
1146 1228 1219 1272 cum
1243 1207 1324 1273 Gaio

98 1319 145 1380 diu
171 1315 351 1390 altercatus,
373 1320 545 1396 postquam
569 1311 697 1375 abeunti
713 1311 852 1376 Phalaris
872 1311 1040 1378 illedixit:
1067 1315 1201 1392 nesorte
1216 1315 1323 1396 r'nepta
1378 1317 1382 1328 “

97 1433 147 1503 spe
180 1421 242 1484 tibi
263 1419 462 1496 blandiaris,
494 1417 620 1482 ducite
643 1417 741 1482 iussi:
767 1418 917 1500 granos,
949 1421 1063 1503 inquit,
1094 1440 1174 1502 ago,
1207 1422 1323 1523 optime
1339 1436 1362 1476 ¹⁰

71 1539 82 1589 :i
92 1529 252 1610 princeps.
312 1525 386 1609 quid
423 1525 555 1590 senserit
590 1525 711 1590 dubito.
774 1526 874 1592 multa
908 1527 992 1590 enim
1027 1525 1102 1590 mihi
1133 1539 1319 1594 occurrunt:

98 1633 344 1699 contumeliosus
368 1653 437 1696 esse
460 1631 559 1697 uoluit
582 1641 613 1696 et
637 1633 823 1714 ostendere,
845 1641 965 1716 quanta
987 1632 1153 1706 crudelitas
1176 1643 1269 1712 esset,
1292 1637 1322 1700 in

97 1763 156 1825 qua
181 1762 270 1805 mors
294 1738 480 1804 beneficium
504 1741 592 1802 erat?
630 1757 671 1800 an
694 1737 902 1822 exprobrauit
921 1737 962 1802 illi
983 1739 1177 1804 cotidianam
1192 1742 1320 1806 demen-

97 1850 191 1911 tiam?
231 1847 371 1928 agebant
403 1846 485 1910 enim
516 1845 633 1928 gratias
664 1853 696 1908 et
726 1865 862 1926 quorum
894 1845 982 1909 liberi
1014 1846 1107 1910 occisi
1131 1855 1164 1910 et
1187 1867 1321 1931 quorum

97 1954 181 2018 bona
203 1953 313 2017 ablata
335 1960 431 2016 erant.
474 1973 514 2015 an
535 1961 699 2034 tamquam
714 1949 894 2034 libertatem
909 1950 1044 2016 libenter
1059 1953 1200 2036 accepit?
1231 1954 1320 2037 quid·
1339 1968 1362 2008 ¹⁶

70 2062 169 2142 tquid
193 2069 259 2136 est,
283 2079 401 2142 magno
425 2057 532 2123 animo
557 2057 727 2139 respondit.
773 2059 857 2120 dicet
879 2055 1005 2140 aliquis:
1038 2059 1140 2141 potuit
1163 2068 1237 2143 post
1260 2059 1322 2124 hoc

15 2243 16 2248 γ
98 2167 202 2230 iubere
240 2164 327 2230 illum
359 2163 455 2230 Gaius
489 2165 603 2228 uiuere.
654 2184 718 2228 non
749 2165 851 2228 timuit
881 2163 944 2228 hoc
973 2163 1092 2229 Kanus.
1146 2173 1223 2230 nota
1254 2175 1322 2238 erat

99 2273 153 2338 Gai
179 2276 211 2336 in
234 2271 349 2336 talibus
372 2272 509 2354 imperiis
532 2270 619 2336 fides.
666 2272 809 2334 credisne
831 2270 916 2336 illum
939 2272 1052 2335 decem
1076 2272 1199 2335 medios
1222 2293 1322 2355 usque

99 2382 135 2442 ad
158 2379 345 2462 supplicium
369 2377 436 2442 dies
458 2377 525 2442 sine
548 2363 610 2440 ulla
633 2377 839 2442 sollicitudine
863 2377 1028 2459 exegisse?
1067 2378 1233 2442 uerisimile
1257 2399 1322 2442 non

99 2495 160 2562 est,
192 2505 276 2568 quae
300 2485 345 2548 uir
367 2482 417 2546 ille
441 2483 573 2558 dixerit,
603 2503 686 2564 quae
709 2482 832 2559 fecerit,
860 2502 956 2565 quam
980 2484 1010 2546 in
1033 2483 1200 2567 tranquillo
1224 2483 1323 2552 luerit.
1337 2500 1363 2541 ²⁰

72 2591 228 2658 rudebat
251 2588 440 2665 latrunculis,
463 2608 534 2652 cum
559 2589 699 2653 centurio
723 2609 839 2672 agmen
863 2589 1072 2672 periturorum
1093 2589 1221 2654 trahens
1237 2590 1322 2654 illum

100 2719 223 2782 quoque
252 2697 383 2762 excitari
412 2696 508 2760 iubet.
555 2703 686 2758 uocatus
716 2696 893 2759 numerauit
916 2694 1052 2758 calculos
1076 2704 1109 2758 et
1132 2696 1232 2760 sodali
1255 2717 1322 2774 suo,

101 2803 185 2883 uide,
218 2804 334 2886 inquit,
366 2822 405 2866 ne
427 2810 667 2894 postsmortem
698 2821 803 2864 meam
835 2801 1003 2865 mentiaris
1034 2812 1062 2864 te
1086 2802 1207 2868 uicisse.
1253 2812 1321 2867 tum

101 2909 236 2974 adnuens
259 2909 448 2985 centurioni,
478 2909 580 2986 testis,
607 2910 712 2991 inquit,
736 2909 802 2970 eris
824 2929 886 2972 uno
908 2929 958 2972 me
973 2909 1165 2973 antecedere.
1212 2909 1322 2976 lusisse
1382 2939 1387 2950 ·

72 3025 132 3080 utu
159 3017 288 3081 Kanum
321 3015 372 3080 illa
401 3013 510 3080 tabula
540 3019 652 3100 putas?
692 3014 803 3080 inlusit.
849 3017 953 3080 tristes
984 3024 1073 3080 erant
1103 3017 1195 3080 amici
1225 3015 1322 3081 talem
1336 3031 1363 3074 us

102 3125 238 3188 amissuri
262 3124 381 3187 uirum:
415 3121 497 3202 quid
517 3123 648 3200 maesti,
673 3123 787 3205 inquit,
810 3123 911 3186 estest
949 3143 1005 3186 uos
1029 3123 1185 3204 quaeritis
1207 3145 1251 3188 an
1274 3123 1321 3186 in-

102 3229 248 3292 mortales
278 3228 409 3292 animae
437 3228 521 3292 sint:
551 3249 609 3310 ego
639 3228 707 3292 iam
738 3229 849 3294 scriem.
897 3250 956 3294 nec
986 3231 1078 3294 desiit
1101 3229 1268 3295 ueritatem
1291 3231 1322 3294 in

73 3335 167 3418 lipso
189 3335 250 3400 fine
273 3337 404 3400 scrutari
428 3344 526 3400 etex
550 3343 654 3399 morte
669 3355 727 3399 sua
742 3337 961 3419 quaestionem
977 3336 1104 3400 habere.
1150 3357 1321 3420 proseque-

102 3441 190 3506 batur
212 3441 299 3506 illum
321 3440 528 3524 philosophus
551 3463 625 3506 suus
649 3461 706 3504 nec
729 3443 792 3506 iam
815 3441 926 3525 procul
950 3451 1016 3506 erat
1040 3441 1187 3520 tumulus,
1211 3444 1321 3527 inquo

104 3546 223 3613 Caesari
254 3549 317 3614 deo
347 3556 459 3613 nostro
490 3547 588 3612 fiebat
619 3549 813 3614 cotidianum
843 3568 976 3614 sacrum.
1021 3549 1055 3624 is,
1087 3548 1183 3630 quid,
1215 3549 1362 3633 inquitas

104 3651 208 3732 Kane,
240 3674 323 3717 nunc
345 3654 492 3736 cogitas?
529 3663 589 3716 aut
609 3675 691 3736 quae
713 3654 774 3717 tibi
794 3675 882 3717 mens
904 3655 975 3716 esti
1012 3654 1199 3733 obscurare,
1224 3655 1323 3738 inquit

104 3758 217 3838 Kaous,
233 3761 393 3841 proposui
412 3759 468 3823 illo
490 3760 686 3824 uelocissimo
709 3770 864 3824 moriente
887 3780 930 3822 an
953 3779 1107 3824 sensurus
1129 3761 1174 3824 sit
1193 3760 1322 3824 animus

26 4037 28 4047 ,
106 4057 233 4112 3tirannus
311 4059 394 4128 dinqt
407 4059 484 4128 (qtt'n
497 4061 564 4128 ras.)
642 4059 775 4126 botinete
794 4061 979 4131 (paruerat.)
1054 4059 1086 4114 10
1099 4061 1151 4126 inqt
1164 4059 1201 4126 (qt
1213 4058 1240 4112 in
1253 4059 1320 4124 ras.)

189 4149 218 4203 15
237 4151 306 4218 chd
385 4148 417 4202 18
436 4149 487 4216 gaii
501 4145 598 4218 (altera
616 4150 623 4199 i
637 4166 654 4204 α
666 4163 738 4205 corr.
751 4146 859 4218 addita)
943 4149 977 4202 22
991 4150 1057 4199 iubet
1069 4143 1207 4201 Muretus:
1228 4149 1322 4200 iuberet

187 4239 218 4292 23
237 4241 290 4305 inqt
308 4241 330 4302 (t
348 4237 432 4305 corr.)
524 4237 557 4292 24
583 4255 690 4289 annuens
786 4237 819 4291 25
846 4244 912 4291 canu
1002 4237 1074 4286 illusit
1169 4235 1203 4290 26
1227 4237 1281 4304 inql
1300 4239 1320 4302 (t

108 4326 183 4392 corr.)
287 4325 322 4382 28
344 4327 473 4392 questione
580 4325 614 4380 29
639 4326 742 4378 tumulus
761 4323 857 4398 vuldo:
878 4325 974 4393 tumult3
1083 4322 1118 4378 30
1136 4326 1215 4376 cesari

110 4410 213 4466 31cane
311 4417 365 4484 inqt
383 4416 403 4484 (t
421 4431 493 4472 corr.
513 4415 540 4472 r'n
560 4415 587 4484 d)
690 4416 724 4472 32
750 4433 824 4468 canus
925 4431 1035 4468 sensurus
1054 4413 1217 4470 detett'ores:
1239 4432 1321 4468 sensus
