3212 5326
454 359 533 404 ulna.
551 360 590 403 III.
620 361 660 402 DE
676 363 726 431 lilrl
743 363 796 406 LIII.
814 363 830 406 I.
853 366 884 408 1⁷.
901 369 932 406 1⁸.
1272 373 1310 434 51

99 506 174 570 aliter
202 527 298 588 quam
330 507 383 587 qui
414 527 432 569 a
456 515 540 570 terra
563 508 647 570 uenti
671 517 802 588 surgunt
825 517 857 570 et
882 509 1060 572 fluminibus
1083 511 1313 596 paludibusque

74 614 228 694 tconcepti
258 614 326 674 sine
358 614 529 694 pertinacia
561 613 765 676 uehementes
793 625 884 678 sunt:
926 618 1036 699 incipit¹
1056 638 1174 700 magno
1198 621 1314 702 inpetu,

99 721 200 784 deinde
229 719 337 782 deficit
369 729 442 782 ante
473 728 600 802 tempus
631 719 775 802 fatigata,
807 730 852 798 et,
884 742 965 804 quae
997 723 1070 786 nihil
1102 723 1186 788 aliud
1217 747 1313 807 quam

99 826 304 888 crudelitatem
335 846 372 888 ac
403 847 487 888 noua
518 845 636 907 genera
660 848 835 910 poenarum
859 838 1052 904 uersauerat,
1076 849 1147 894 cum
1172 835 1312 897 animad-

99 933 273 994 uertendum
305 941 367 1008 est,
399 934 463 994 ianr
494 931 592 996 fracta
615 933 756 1014 lenisque
779 943 835 996 est.
880 935 1023 998 adlectus
1046 938 1108 999 cito
1133 939 1229 1015 cadit,
1261 959 1341 1002 aer

75 1039 170 1120 tquali
192 1047 256 1100 sest
280 1039 369 1102 rati0.
416 1047 555 1102 ceterum
577 1040 672 1102 etiam
695 1040 746 1102 ubi
763 1043 975 1122 perseuerauit
991 1043 1043 1118 ira,
1067 1063 1313 1126 nonnumquam,

101 1147 121 1208 si
134 1144 232 1228 plures
249 1152 322 1207 sunt
337 1145 390 1226 qui
406 1146 507 1226 perire
523 1153 712 1220 meruerunt,
736 1155 809 1228 post
827 1147 961 1210 duorum
978 1150 1113 1212 triumue
1128 1153 1314 1232 sanguinem

102 1253 232 1314 occidere
272 1252 395 1314 desinit.
456 1252 548 1334 primi
579 1252 644 1314 eius
674 1253 754 1314 ictus
785 1272 873 1316 acres
904 1263 975 1324 sunt
1013 1256 1091 1318 sicut
1121 1259 1313 1338 serpentium

101 1377 208 1420 uenena
230 1379 249 1421 a
273 1357 367 1420 cubili
390 1358 585 1438 erepentium
611 1367 735 1434 nocent,
758 1359 877 1422 innoxii
902 1361 1117 1436 demessum,
1149 1382 1220 1425 cum
1245 1362 1314 1426 Illos

75 1463 231 1545 litequens
263 1484 387 1527 morsus
419 1462 580 1526 exhausit:
631 1483 709 1546 ergo
739 1485 805 1526 non
835 1467 921 1546 paria
952 1468 1111 1548 patiuntur
1141 1470 1193 1550 qui
1225 1470 1311 1551 paria
1329 1489 1352 1528 ro

101 1571 326 1642 commiserunt,
366 1579 397 1632 et
427 1589 523 1652 saepe
553 1571 606 1652 qui
637 1571 739 1640 minus
772 1572 943 1646 commisit,
979 1572 1047 1654 plus
1079 1575 1209 1655 patitur,
1241 1577 1313 1658 quia

100 1677 250 1738 recentiori
282 1675 426 1739 obiectus
457 1685 513 1739 est.
567 1685 599 1739 et
629 1678 659 1740 in
683 1685 787 1740 totum
811 1678 980 1760 inaequalis
1004 1689 1067 1742 est:
1110 1681 1209 1742 modo
1234 1680 1314 1744 ultra

101 1803 183 1862 quam
213 1791 342 1863 oportet
373 1785 525 1858 excurrit,
557 1785 657 1846 modo
688 1785 812 1846 citerius
844 1785 954 1848 debito
978 1787 1124 1856 resistit..
1147 1787 1205 1850 sibi
1230 1789 1312 1852 enim

101 1888 228 1970 indulget
260 1898 292 1951 et
324 1909 366 1951 ex
396 1888 525 1952 libidine
555 1891 672 1953 iudicat
703 1899 735 1952 et
766 1891 874 1954 audire
905 1913 968 1954 non
993 1892 1058 1954 uult
1082 1902 1113 1956 et
1137 1895 1312 1976 patrocinio

102 2015 156 2057 non
176 1995 318 2078 relinquit
342 1995 447 2058 locum
470 2004 503 2058 et
527 2017 564 2060 ea
587 2005 676 2058 tenet
698 2017 779 2077 quae
803 1998 915 2060 inuasit
938 2009 970 2061 et
993 1999 1068 2080 eripi
1092 1999 1150 2062 sibi
1166 2001 1312 2063 iudicium
1329 2019 1353 2060 rs

102 2121 187 2177 suum,
210 2103 305 2164 etiam
329 2103 354 2164 si
378 2122 510 2184 prauum
535 2111 591 2178 est,
616 2121 680 2165 non
704 2105 783 2166 sinit.

75 2222 86 2274 1
177 2207 290 2270 XVIII.
323 2207 564 2290 Ratio-utrique
587 2210 668 2290 parti
692 2218 818 2291 tempus
835 2211 898 2272 dat.
938 2211 1053 2272 deinde
1069 2212 1312 2274 aduocationem

103 2321 129 2374 et
149 2313 201 2376 sibi
223 2315 315 2396 petit,
348 2323 381 2376 ut
404 2289 612 2378 excutiendae
636 2316 759 2378 ueritati
781 2317 917 2397 spatium
942 2315 1077 2380 habeat:
1110 2319 1156 2380 ira
1178 2317 1312 2382 festinat.

104 2419 170 2481 ratio
190 2421 221 2481 id
244 2421 382 2482 iudicare
406 2419 471 2482 uult
495 2420 581 2502 quod
604 2441 741 2502 aequum
765 2431 832 2486 est:
866 2424 911 2485 Ira
934 2423 965 2484 id
988 2443 1099 2486 aecum
1124 2425 1220 2488 uideri
1246 2424 1312 2487 uult

76 2527 177 2605 tquod
206 2527 362 2588 iudicauit.
407 2527 487 2590 rati0
519 2527 560 2588 nil
591 2537 716 2609 praeter
746 2529 849 2610 ipsum
881 2530 922 2592 de
952 2551 1016 2612 quo
1040 2532 1143 2612 agitur
1166 2540 1352 2613 spectatam

104 2631 140 2692 ira
159 2634 239 2694 uanis
263 2642 294 2695 et
320 2621 411 2695 extra
434 2653 560 2696 causam
578 2634 819 2698 obuersantibus
836 2645 1066 2700 commouetur.
1106 2637 1210 2700 uoltus
1226 2637 1310 2700 illam

104 2740 234 2816 securior,
267 2759 334 2800 uox
358 2737 496 2814 clarior,·
512 2759 618 2802 sermo
642 2739 782 2816 liberior,
813 2741 913 2804 cultus
937 2742 1115 2818 delicatior,
1140 2744 1311 2808 aduocatio

106 2843 298 2920 ambitiosior,
337 2843 426 2907 fauor
462 2845 620 2928 popularis
652 2857 851 2930 exasperant.
906 2868 1000 2930 saepe
1031 2847 1143 2912 infesta
1173 2858 1310 2931 patrono

106 2967 177 3012 reum
208 2953 354 3026 damnat;
388 2953 482 3014 etiam
507 2953 532 3014 si
563 2953 713 3034 ingeritur
744 2953 841 3016 oculis
870 2957 1000 3030 ueritaS,
1033 2963 1119 3018 amat
1150 2965 1181 3018 et
1206 2964 1311 3018 tuetur

106 3071 233 3119 errorem.
273 3059 401 3138 coargui
425 3077 489 3120 non
512 3058 579 3120 uult
601 3068 634 3121 et
657 3060 688 3121 in
712 3053 795 3122 male
819 3062 939 3143 coeptIs
963 3060 1126 3124 honestior
1149 3061 1188 3124 illi
1213 3064 1307 3144 perti-
1322 3087 1349 3129 ir

76 3162 177 3224 tracia
199 3164 321 3226 uidetur
344 3185 438 3246 quam
462 3165 661 3248 paenitentia.
708 3165 765 3230 Cn.
788 3167 860 3230 Piso
884 3167 940 3230 suit
964 3169 1117 3232 memoria
1141 3178 1249 3232 nostra
1265 3171 1312 3232 uir

106 3285 120 3326 a
144 3269 241 3332 multis
272 3271 352 3332 uitiis
375 3272 511 3351 integer,
535 3273 593 3334 sed
617 3292 732 3354 prauus
755 3282 788 3336 et
811 3275 859 3336 cui
882 3272 1028 3356 placebat
1051 3296 1110 3358 pro
1134 3277 1311 3338 constantia

107 3371 182 3452 rigor.
226 3377 250 3438 is
282 3397 354 3439 cum
383 3378 479 3440 iratus
511 3379 582 3440 duci
612 3379 750 3442 iussisset
780 3381 952 3474 eum,‚qui
975 3402 1017 3444 ex
1041 3391 1221 3445 commeatu
1244 3383 1312 3446 sine

107 3481 302 3544 commilitone
344 3484 494 3558 redierat,
540 3485 628 3565 quasi
665 3484 872 3550 interfecisset
906 3507 1001 3568 quem
1033 3509 1097 3550 non
1128 3487 1312 3564 exhibebat,

108 3635 298 3650 ’ἣ-η

108 3741 119 3788 Il
135 3743 206 3794 deficit
224 3744 347 3817 Lipsius:
369 3747 457 3796 defecit
565 3749 631 3798 allud
651 3749 677 3811 (d
697 3764 735 3803 err
755 3755 763 3799 t
781 3751 864 3816 corr.)
969 3751 983 3800 :i
1004 3753 1053 3802 iam
1073 3753 1150 3804 fracta
1169 3751 1309 3810 Muretus:

107 3829 146 3879 tan
162 3833 194 3882 ira
211 3835 287 3885 fracta
383 3838 463 3894 astech
568 3837 682 3902 ltprirm
704 3838 773 3904 (em
795 3838 905 3892 uidetur
923 3841 930 3889 ί
947 3837 1027 3908 lacta
1046 3843 1114 3908 erre)
1215 3844 1311 3897 fluens

108 3915 139 3980 (ne
153 3924 292 3988 srrpersrr.)
381 3925 410 3976 12
431 3905 557 3976 recentiori
633 3925 664 3978 13
684 3928 858 3978 debitoresistit
878 3929 985 3996 (citerius
1004 3929 1089 3982 debito
1103 3932 1129 3984 r'u
1143 3949 1231 4000 marn.
1246 3936 1312 3990 uad

107 4007 237 4074 repetitum)
320 4011 351 4064 14
370 3995 498 4078 patricinio
517 4001 714 4084 (o'superscr.)
806 4017 834 4068 tu
854 4018 1056 4084 ueritatispatium
1141 4023 1174 4074 ill
1195 4030 1242 4086 cell
1262 4031 1313 4081 lex

108 4101 167 4148 cest
182 4114 196 4162 q
211 4097 324 4167 fuctum)
403 4104 479 4151 uideri
499 4104 547 4154 uult
568 4101 668 4172 Nucula:
690 4105 768 4155 uideri
787 4122 836 4155 nou
856 4106 905 4156 uult
983 4107 1015 4160 21
1037 4103 1093 4158 uult'
1187 4113 1220 4164 22
1242 4113 1312 4164 Iauor

109 4177 128 4241 (ὓ
143 4183 167 4235 in
183 4187 198 4234 b
216 4191 296 4250 corr.)
368 4188 399 4240 24
420 4191 521 4240 damnat
540 4192 625 4244 celeri
641 4201 670 4244 ut
690 4191 812 4246 uidetur:
835 4196 928 4246 diluant
1001 4196 1034 4250 27
1054 4199 1091 4248 ira
1111 4215 1199 4264 prauus
1220 4199 1312 4266 (ierit,

109 4267 150 4321 sed
168 4290 247 4337 prauus
270 4293 323 4330 uon
348 4285 406 4332 erat
431 4278 622 4349 rerrplandum,
641 4279 677 4348 cf.
697 4280 737 4334 ad
756 4281 880 4336 Heluium
903 4287 943 4348 to,
969 4289 1000 4339 lli
1028 4293 1078 4338 tam
1108 4305 1200 4354 prauae
1225 4293 1313 4344 urentis

109 4355 201 4418 Imminb
224 4361 286 4418 Veli.
305 4363 364 4420 Par.
385 4369 408 4431 2,
432 4370 469 4430 18,
490 4372 505 4420 6
524 4372 551 4422 I‘.
571 4367 744 4434 Sulpicius..
764 4411 771 4426 ,
791 4373 872 4422 subito
892 4390 980 4438 prauus
1000 4392 1029 4426 ac
1050 4392 1178 4442 praecepa
1201 4382 1224 4440 ⁸2,
1240 4384 1282 4446 tu,
1298 4384 1312 4432 ³

111 4444 162 4496 iussu
177 4451 274 4504 hominis
292 4457 427 4518 prauissimi
499 4459 532 4510 2*
553 4459 572 4508 is
592 4456 630 4522 (in
650 4463 717 4520 rur.)
1051 4493 1055 4502 ·

1057 4555 1094 4604 μ
