3212 5326
271 347 312 410 78
631 338 711 382 omn,
729 338 768 382 IV.
796 337 837 378 DE
852 337 904 378 IRA
921 337 973 378 LIB.
989 336 1019 379 11.
1048 339 1136 379 29-31.

270 488 423 550 debuerit.
477 506 542 548 non
574 493 638 561 est,
669 486 783 567 inquit,
814 485 903 567 quod
935 505 988 546 me
1016 482 1198 565 protrahas,
1232 502 1293 562 ego
1324 481 1501 562 productus

269 594 406 673 negabo
459 593 574 673 alioqui
609 591 684 654 nihil
716 611 868 673 umquam
898 591 955 652 tibi
985 590 1098 652 dicam.
1151 585 1268 651 eodem
1295 596 1447 669 tempore
1470 593 1502 646 et

271 700 399 780 instigat
421 708 454 762 et
480 699 549 781 ipse
571 717 606 760 se
629 697 791 760 certamini
818 715 1008 780 pugnaeque
1030 694 1194 759 subtrahit.
1240 695 1293 776 qui
1315 693 1421 755 dicere
1445 691 1502 754 tibi

271 807 328 868 nisi
358 804 439 867 clam
470 824 535 867 non
566 804 648 879 uult,
680 823 782 885 paene
812 824 877 865 non
912 803 994 865 dicit.
1040 803 1116 884 quid
1147 810 1195 863 est
1231 799 1364 881 iniquius
1403 818 1502 880 quam

150 897 154 910 ¹
233 930 245 970 u
274 921 398 975 secreto
421 913 559 987 credere,
583 911 689 995 palam
712 911 821 972 irasci?
1141 939 1162 975 a

361 1018 465 1080 XXX,
512 1017 722 1099 Quorundam
753 1017 811 1098 ipsi
840 1025 940 1078 testes
969 1035 1084 1078 sumus
1132 1017 1162 1077 in
1194 1015 1242 1076 his
1272 1021 1420 1075 naturam
1446 1022 1532 1074 ex-l

272 1123 425 1186 cutiemus
464 1123 723 1204 uoluntatemque
761 1121 947 1184 iacientium.
1000 1142 1080 1202 puer
1117 1129 1180 1183 est:
1221 1121 1317 1182 aetati
1355 1122 1505 1181 donetur.

245 1249 246 1254 ¹
272 1231 372 1292 nescit
395 1251 435 1291 an
458 1240 579 1311 peccet.
626 1238 717 1312 pater
740 1238 806 1290 est:
842 1237 897 1290 aut
919 1237 1042 1290 tantum
1066 1227 1190 1310 profuit,
1214 1236 1249 1288 ut
1270 1225 1311 1288 illi
1336 1228 1434 1288 etiam
1461 1227 1503 1287 in·

272 1337 368 1398 iuriae
406 1338 451 1398 ius
489 1337 537 1411 sit,
576 1345 631 1398 aut
669 1333 803 1397 fortasse
840 1336 943 1416 ipsum
982 1335 1045 1396 hoc
1075 1335 1223 1396 meritum
1253 1335 1318 1395 eius
1350 1341 1399 1394 est
1440 1354 1504 1414 quo

235 1467 259 1508 ιο
273 1443 473 1506 offendimur.
520 1441 631 1504 mulier
661 1450 749 1531 θεῖε,
763 1451 853 1505 errat.
898 1442 998 1502 iussus
1029 1449 1096 1503 est:
1136 1441 1315 1502 necessitati
1344 1440 1415 1520 quis
1449 1439 1506 1500 nisi

273 1551 394 1631 iniquus
421 1552 602 1610 suscenset?
641 1548 744 1610 laesus
775 1558 839 1610 est:
880 1567 946 1610 non
977 1556 1025 1608 est
1055 1547 1163 1609 iniuria
1193 1547 1260 1628 pati
1290 1548 1378 1628 quod
1419 1545 1507 1628 prior

274 1655 391 1718 seceris.
438 1655 535 1715 iudex
558 1663 625 1716 est:
660 1654 729 1736 plus
758 1654 868 1716 credas
898 1653 975 1716 iliius
998 1655 1173 1716 sententiae
1196 1673 1292 1735 quam
1315 1661 1398 1714 tuae.
1449 1672 1507 1714 rex

275 1771 342 1823 est:
369 1763 393 1823 si
416 1771 585 1823 nocentem
602 1758 698 1842 punit,
719 1763 798 1823 cede
814 1761 954 1836 iustitiae,
979 1761 1003 1821 si
1019 1761 1229 1834 innocentem,
1253 1761 1333 1821 cede
1348 1757 1507 1820 fortunae.

275 1875 398 1930 mutum
428 1867 543 1929 animal
574 1875 622 1929 est
653 1875 707 1929 aut
736 1850 837 1930 simile
867 1876 976 1929 muto:
1011 1866 1140 1928 imitaris
1167 1865 1259 1940 illud,
1298 1866 1323 1926 si
1342 1849 1538 1927 'irasceris‘a

237 1997 261 2036 u
276 1973 407 2037 morbus
431 1983 479 2036 est
503 1982 556 2035 aut
580 1973 761 2035 calamitas:
787 1973 885 2035 leuius
909 1973 1059 2035 transiliet
1082 1973 1298 2035 sustinentem.
1346 1972 1427 2033 deus
1444 1980 1504 2033 est:

274 2089 341 2142 tam
372 2081 477 2162 perdis
510 2101 641 2162 operam
675 2100 747 2142 cum
779 2077 820 2141 illi
850 2080 1007 2155 irasceris,
1043 2099 1141 2160 quam
1180 2099 1253 2140 cum
1290 2077 1378 2140 illurn
1419 2076 1508 2139 adteri

275 2187 412 2269 precaris
442 2188 564 2250 iratum.
610 2187 714 2248 bonus
737 2186 784 2247 uir
815 2195 863 2247 est
886 2185 939 2267 qui
968 2185 1109 2247 iniuriam
1145 2184 1236 2247 secit:
1270 2182 1334 2246 noli
1366 2185 1508 2246 credere.

276 2293 396 2354 malus:
430 2276 494 2356 noli
523 2294 635 2368 mirari,
668 2292 758 2354 dabit
788 2312 908 2374 poenas
939 2292 1028 2354 alteri
1050 2311 1129 2372 quas
1161 2289 1259 2353 debet
1281 2289 1356 2366 tibi,
1387 2291 1507 2352 etiam

277 2399 335 2461 sibi
359 2399 447 2460 dedit
469 2399 522 2479 qui
545 2400 695 2480 peccauit.
988 2483 991 2487 .

237 2524 263 2564 20
366 2503 486 2566 XXXI.
531 2505 606 2567 Duo
644 2514 730 2579 sunt,
768 2513 803 2566 ut
841 2505 925 2579 dixi,
971 2523 1053 2586 quae
1090 2504 1284 2566 iracundiam
1323 2503 1539 2565 concitant21

276 2609 422 2691 primum,
447 2609 471 2670 si
485 2611 635 2672 iniuriam
659 2612 803 2672 uidemur
825 2611 992 2693 accepisse.
1040 2611 1081 2671 de
1111 2609 1175 2673 hoc
1205 2611 1281 2671 satis
1305 2609 1427 2671 dictum
1451 2618 1508 2670 est.

277 2716 401 2791 deinde,
424 2717 450 2778 si
472 2716 577 2798 iniqua
592 2718 758 2798 accepisse.
805 2715 845 2778 de
860 2715 924 2778 hoc
940 2716 1109 2778 dicendum
1125 2725 1181 2778 est.
1227 2715 1332 2798 iniqua
1347 2713 1508 2796 quaedam

276 2824 413 2885 iudicant
443 2821 606 2898 homines,
637 2824 710 2905 quia
739 2824 805 2903 pati
835 2843 900 2885 non
929 2823 1109 2904 debuerint,
1140 2823 1316 2903 quaedam,
1346 2822 1508 2902 quianon

277 2913 479 3009 sperauerint.
503 2915 508 2926 ¹
525 2930 654 3010 indigna
676 2939 824 3010 putamus
840 2949 922 3010 quae
938 2929 1098 3010 inopinata
1116 2938 1197 2990 sunt.
1242 2929 1351 3009 itaque
1366 2928 1509 2988 maxime
1526 2938 1540 2990 ‘2

237 3063 263 3104 25
278 3043 486 3097 commouent
508 3055 590 3117 quae
613 3045 723 3097 contra
746 3055 836 3117 spem
870 3036 1191 3116 expectationemque
1222 3031 1403 3100 euenerunt.
1449 3053 1509 3094 nec

278 3139 362 3203 aliud
385 3149 433 3201 est
456 3161 553 3221 quare
576 3141 608 3201 in
631 3141 813 3203 domesticis
837 3142 966 3202 minima
982 3138 1157 3215 offendant,
1180 3141 1212 3200 in
1234 3140 1342 3202 amicis
1365 3139 1508 3202 iniuriam

278 3265 429 3306 uocemus
460 3245 702 3328 neglegentiam.
749 3247 916 3334 quomodo
948 3267 1042 3328 erg0,
1074 3247 1188 3328 inquit,
1219 3246 1417 3308 inimicomm
1447 3259 1539 3311 nos3

277 3351 402 3412 iniuriae
441 3355 593 3413 mouent?
639 3353 712 3434 quia
749 3373 814 3414 non
852 3354 1091 3434 expectauimus
1129 3351 1195 3414 illas
1234 3361 1288 3414 aut
1320 3360 1407 3414 certe
1442 3372 1509 3413 non

277 3465 389 3520 tantas.
420 3449 498 3520 -hoc
536 3456 630 3519 efficit
667 3478 759 3520 amor
796 3460 893 3520 nostri
931 3460 1053 3520 nimius.
1106 3438 1273 3520 inuiolatos
1312 3479 1371 3519 nos
1411 3457 1508 3520 etiam

237 3581 264 3624 ao
278 3563 407 3624 inimicis
438 3563 611 3625 iudicamus
642 3583 711 3626 esse
743 3564 869 3626 debere.
915 3566 997 3645 regis
1028 3566 1160 3645 quisque
1191 3565 1272 3626 intra
1302 3583 1337 3625 se
1368 3565 1508 3625 animum

277 3667 384 3744 habet,
407 3677 442 3730 ut
464 3668 621 3731 licentiam
644 3669 702 3731 sibi
726 3671 793 3732 dari
816 3670 897 3745 uelit,
928 3671 959 3732 in
982 3691 1017 3733 se
1040 3670 1125 3733 nolit.
1172 3679 1227 3732 aut
1250 3670 1426 3750 ignorantia
1448 3671 1540 3732 ita-t

278 3793 340 3854 que
363 3793 422 3835 nos
454 3783 509 3840 aut
539 3774 705 3836 insolentia
737 3776 905 3837 iracundos
937 3775 1019 3839 facit.
1069 3777 1246 3856 ignorantia
1276 3797 1396 3838 rerum:
1429 3777 1509 3856 quid

279 3879 362 3940 enim
397 3879 510 3940 mirum
541 3888 589 3941 est
617 3879 718 3942 malos
750 3881 833 3942 mala
864 3880 1003 3943 facinora
1033 3884 1149 3944 edere?
1181 3883 1257 3964 quid
1289 3883 1364 3944 noui
1394 3890 1450 3956 est,
1483 3881 1509 3943 si

278 3985 418 4046 inimicus
456 3994 561 4060 nocet,
599 3985 718 4047 amicus
756 3986 904 4062 offendit,
942 3987 1021 4050 filius
1058 3987 1202 4064 labitur‚·
1227 4009 1337 4050 seruus
1374 3991 1508 4070 peccat?

350 4247 492 4298 2dicam*
518 4246 586 4312 (ras.
603 4244 727 4313 sortasse
739 4213 849 4316 puncti)
930 4249 961 4302 11
982 4252 1077 4316 iniquus
1097 4251 1166 4317 (quus
1186 4250 1302 4317 iuras.)
1377 4250 1409 4304 18
1427 4267 1508 4315 penas

350 4333 384 4386 20
403 4335 527 4384 concitant
541 4330 683 4402 plerique:
704 4336 812 4386 cocitent
831 4336 864 4402 (ci
883 4336 967 4404 corr.)
1046 4339 1081 4391 22
1099 4341 1182 4404 iniqua
1202 4341 1329 4405 accepisse
1347 4337 1506 4392 Michaelis:

280 4420 331 4484 iniq
338 4438 345 4478 ;
367 4423 491 4486 accepisse
564 4420 598 4474 26
618 4422 685 4471 aliud
704 4423 732 4488 (d
751 4423 834 4489 corr.)
