3212 5326
444 305 577 350 nieuw.
610 305 831 350 balaanan.
861 307 920 348 t-o.
1259 310 1297 372 61

95 463 216 530 accusat,
240 473 321 535 quae
343 454 456 516 mereri
479 454 575 515 satius
598 450 662 516 fuit.
708 451 785 514 alius
809 471 881 514 cum
905 461 1007 515 matre
1030 452 1180 515 consistit
1225 451 1302 514 alius

95 561 200 626 delator
224 561 309 623 uenit
341 561 406 622 eius
437 560 588 633 criminiS,
621 560 706 621 cuius
736 557 929 622 manifestior
952 579 1023 620 reus
1047 567 1103 622 est.
1150 567 1182 622 et
1204 559 1301 620 iudex

94 670 281 731 damnaturus
311 685 392 748 quae
421 665 494 729 fecit
524 664 647 746 eligitur
671 672 703 728 et
727 684 846 728 corona
868 685 927 746 pro
959 665 1042 728 mala
1065 685 1159 728 causa
1181 671 1302 747 pugnat

93 774 199 857 patroni
222 792 303 835 uoce
327 779 482 854 corrupta.

71 889 77 939 t
164 878 248 942 Vnt.
297 877 383 960 Quid
398 877 520 960 singula
542 881 735 960 persequor?
759 897 832 940 cum
848 879 962 941 uideris
982 876 1085 940 forum
1103 874 1302 938 multitudine
1330 891 1357 968 ὁ.

93 984 222 1048 refertum
263 994 296 1047 et
334 993 445 1066 saepta
482 993 636 1047 concursu
672 985 775 1046 omnis
807 981 999 1066 frequentiae
1029 983 1123 1068 plena
1154 991 1186 1046 et
1216 981 1302 1044 illum

92 1094 199 1167 circum,
224 1091 255 1152 ln
280 1110 344 1172 quo
367 1091 540 1152 maximam
565 1092 611 1152 sui
635 1100 758 1172 partem
781 1089 917 1173 populus
941 1092 1096 1153 ostendit:
1127 1089 1191 1152 hoc
1214 1089 1302 1163 scito,

53 1195 77 1256 't
91 1199 144 1260 istic
165 1198 354 1261 tantundem
371 1215 440 1259 esse
460 1197 605 1260 uitiorum
629 1206 780 1278 quantum
804 1196 977 1259 hominum.
1022 1197 1102 1260 inter
1125 1197 1202 1259 istos
1222 1213 1302 1276 quos

91 1313 202 1386 togatos
234 1303 322 1365 uides
352 1301 435 1364 nulla
465 1321 530 1386 pax
561 1311 617 1366 est
671 1302 751 1366 alter
782 1304 813 1365 in
840 1303 964 1367 alterius
988 1305 1119 1366 exitium
1142 1302 1203 1366 leui
1226 1320 1300 1363 con-

90 1409 346 1492 pendioducitur.
391 1407 464 1470 nulli
487 1409 543 1472 nisi
567 1429 609 1471 ex
630 1409 756 1472 alterius
779 1410 886 1473 iniuria
902 1417 1049 1492 quaestus
1073 1417 1129 1472 est.
1177 1405 1299 1470 felicem
1316 1429 1340 1468 ro

90 1518 217 1592 oderunt,
242 1513 396 1578 infelicem
413 1524 627 1579 contemnunt.
676 1517 828 1579 maiorem
849 1525 1027 1597 grauantur,
1052 1516 1164 1578 minori
1188 1533 1301 1596 graues

89 1631 154 1686 sunt.
198 1623 331 1685 diuersis
358 1622 555 1684 stimulantur
578 1621 809 1706 cupiditatibus.
854 1623 960 1685 omnia
983 1622 1107 1708 perdita
1130 1622 1175 1685 ob
1198 1621 1301 1684 leuem

89 1728 273 1812 uoluptatem
289 1727 504 1810 praedamque
519 1731 656 1810 cupiunt.
702 1749 766 1791 non
788 1729 847 1792 alia
862 1749 958 1812 quam
975 1730 1005 1790 in
1022 1729 1097 1791 ludo
1113 1727 1301 1810 gladiatorio

65 1851 74 1896 :t
89 1837 139 1898 uita
169 1844 218 1898 est
251 1855 324 1896 cum
347 1835 448 1896 isdem
472 1835 642 1898 uiuentium
667 1837 945 1918 pugnantiumque.
985 1834 1119 1898 ferarum
1144 1835 1203 1897 iste
1227 1854 1300 1896 con-

89 1951 187 2004 uentus
210 1950 268 2016 est,
291 1941 349 2002 nisi
371 1941 459 2022 quod
482 1927 551 2003 illae
568 1943 648 2004 inter
663 1961 698 2003 se
713 1942 856 2024 placidae
872 1949 944 2004 sunt
961 1961 1132 2024 morsuque
1156 1940 1300 2003 similium
1319 1957 1341 1998 u

88 2047 240 2122 abstineut,
264 2046 296 2109 hi
320 2055 427 2110 mutua
450 2049 639 2110 laceratione
661 2049 820 2112 satiantur.
865 2048 928 2111 hoc
950 2069 1014 2110 uno
1046 2047 1087 2110 ab
1118 2046 1302 2109 animalibus

89 2155 170 2216 mutis
199 2153 361 2229 differunt,
395 2155 482 2235 quod
513 2153 564 2216 illa
595 2163 816 2217 mansuescunt
847 2154 1015 2229 alentibus,
1053 2153 1168 2216 horum
1199 2152 1301 2214 rabies

88 2261 161 2340 ipsos
183 2280 201 2322 a
223 2259 336 2342 quibus
360 2267 407 2322 est
430 2260 756 2342 nutritadepascitur.

66 2379 71 2429 t
164 2365 216 2429 IX.
262 2366 445 2447 Numquam
475 2365 565 2428 irasci
601 2365 723 2430 desinet
760 2368 900 2450 sapiens,
941 2368 966 2430 si
1006 2367 1103 2430 semel
1143 2365 1297 2447 coeperit:

89 2473 182 2536 omnia
209 2471 381 2536 sceleribus
417 2492 454 2534 ac
492 2473 570 2536 uitiis
599 2473 692 2555 plena
723 2483 803 2538 sunt.
853 2473 923 2557 plus
961 2473 1169 2536 committitur
1206 2492 1301 2555 quam
1316 2487 1342 2530 ro

88 2579 164 2658 quod
185 2578 284 2662 possit
309 2577 497 2641 coercitione
520 2581 630 2642 sanari.
677 2588 813 2643 certatur
836 2582 954 2662 ingenti
982 2581 1123 2662 quodam
1147 2579 1302 2661 nequitiae

89 2685 261 2748 certamine:
288 2685 390 2747 maior
412 2685 526 2748 cotidie
549 2687 701 2766 peccandi
718 2687 885 2769 cupidine,
908 2687 1012 2749 minor
1034 2687 1223 2748 uerecundia
1246 2691 1302 2746 est.

90 2791 207 2874 expulso
232 2789 369 2853 melioris
385 2791 600 2873 aequiorisque
616 2802 770 2874 respectu,
795 2813 996 2875 quocumque
1017 2793 1117 2855 uisum
1134 2800 1183 2854 est
1205 2790 1302 2852 libido

90 2917 118 2958 se
144 2899 284 2980 inpingit,
317 2915 375 2958 nec
404 2895 517 2959 furtiua
547 2898 609 2960 iam
641 2898 760 2961 scelera
790 2908 882 2963 sunt:
916 2907 1041 2981 praeter
1079 2897 1189 2960 oculos
1220 2903 1304 2972 eunt,

90 3004 219 3086 adeoque
242 3004 274 3065 in
297 3001 456 3086 publicum
481 3003 576 3066 missa
606 3004 743 3086 nequitia
773 3013 823 3067 est
846 3013 877 3068 et
904 3007 935 3067 in
959 3006 1098 3068 omnium
1123 3003 1304 3088 pectoribus
1318 3020 1344 3061 rs

64 3110 204 3185 teualuit,
236 3120 272 3172 ut
307 3109 486 3173 innocentia
516 3128 581 3171 non
616 3131 701 3185 rara,
734 3110 792 3173 sed
829 3110 914 3174 nulla
944 3113 991 3174 sit.
1038 3111 1189 3193 numquid
1221 3109 1304 3172 enim

93 3319 100 3370 l
120 3323 199 3372 mereri
217 3337 269 3374 eur
286 3318 411 3388 offendat
424 3334 476 3372 riou
491 3317 580 3384 uideo,
605 3319 686 3374 modo
706 3323 796 3372 iudicia
815 3339 848 3376 eu
866 3321 1007 3393 intellegas
1026 3338 1096 3393 quae
1114 3320 1160 3376 uei
1177 3317 1308 3373 maturiet

90 3405 150 3462 bonu
166 3424 224 3462 erse
237 3409 363 3480 possiem
390 3407 426 3476 cf.
447 3409 526 3462 etiam
546 3407 616 3463 Ptin.
637 3408 739 3481 Pureeq.
760 3413 793 3462 tt
813 3413 833 3462 si
853 3413 969 3463 iudicium
988 3420 1098 3462 nostrum
1117 3411 1205 3462 mereri
1223 3425 1305 3474 perse-

90 3513 183 3549 uerasses
237 3497 253 3551 3
273 3503 367 3563 pugnat
377 3495 466 3552 Koch:
483 3499 550 3548 bona
560 3496 621 3552 eod.
635 3497 754 3553 Verbum
765 3498 921 3554 desiderari
932 3498 1001 3554 uidit
1016 3497 1098 3554 Gertz
1111 3513 1226 3570 quoque,
1237 3498 1306 3578 bona

87 3600 193 3652 prauum
211 3601 344 3640 essenon
363 3585 425 3639 item
519 3585 551 3638 tf)
569 3587 657 3637 iniuria
671 3585 715 3654 ¹(iu
733 3603 821 3659 mauu.
842 3587 906 3643 add.
926 3605 959 3645 m.
980 3603 1035 3645 ree.
1055 3590 1086 3641 at.
1107 3588 1203 3654 dapne)

92 3689 118 3741 ll
136 3694 223 3743 maiore
241 3691 315 3760 (post
334 3707 348 3742 e
362 3689 420 3759 fuit
437 3693 473 3757 m)
546 3672 679 3759 grauantbr
694 3694 821 3764 (primum
832 3694 888 3764 suit
899 3703 1011 3760 grauant,
1026 3711 1060 3749 m.
1074 3693 1121 3748 att.
1134 3689 1307 3764 stuprosum&

92 3775 176 3833 deiude
192 3797 246 3837 rec.
266 3796 301 3838 m.
315 3777 425 3834 addidit
437 3783 473 3846 ur)
547 3780 579 3834 14
599 3799 654 3832 cum
668 3784 748 3834 isdem
761 3785 892 3834 uiuentium
909 3781 941 3848 B,
956 3781 1056 3854 Neap.:
1078 3799 1181 3849 quorum
1194 3783 1307 3834 ludentitl

91 3865 142 3920 eorl.
155 3869 201 3922 red
217 3887 321 3936 quorum
341 3870 387 3922 etl
401 3875 426 3923 et
439 3871 456 3918 d
469 3885 483 3923 e
496 3885 567 3925 corr.
582 3870 609 3922 iu
622 3887 678 3925 ros.
697 3887 747 3926 nee
766 3871 835 3941 quid
852 3879 934 3927 autea
949 3871 1038 3941 suerit
1056 3871 1199 3943 expiscari
1217 3870 1304 3930 dicuin

92 3955 149 4020 (cum
161 3959 234 4010 isdem
246 3959 384 4009 bibentium
400 3955 493 4023 Gertz)
557 3960 601 4010 iste
614 3958 714 4030 Neam:
736 3963 778 4014 idd
797 3961 835 4027 (iu
848 3962 915 4027 ras.)
981 3961 1013 4014 lt}
1032 3963 1081 4012 hoc
1094 3978 1142 4011 uno
1157 3959 1243 4030 Neop.
1257 3960 1306 4010 hoc

93 4045 114 4091 in
129 4061 171 4095 uno
189 4045 245 4101 eod.
264 4045 322 4101 sed.
347 4049 372 4096 in
390 4065 405 4097 u
425 4061 497 4101 corr.
517 4047 544 4100 iu
563 4063 629 4115 run,
648 4047 716 4119 quid
733 4055 815 4104 arrteu
830 4049 920 4119 licerit
937 4067 970 4104 m·
989 4049 1033 4105 irie
1051 4047 1160 4120 quidem
1184 4055 1308 4120 uppuret,

92 4140 156 4186 certe
165 4151 215 4188 uou
230 4133 287 4203 suit
306 4145 400 4192 aurern:
422 4134 547 4189 mendum
560 4137 704 4191 etiamnum
724 4138 796 4203 lutet,
816 4137 870 4194 uiri
880 4139 965 4194 uerba
983 4141 1033 4191 hoc
1048 4169 1079 4178 -
1094 4133 1234 4204 depascitur
1246 4149 1307 4188 eum

95 4217 190 4276 Gertzio
207 4223 329 4278 eiciendo
348 4238 406 4278 esee
424 4223 592 4278 deridebimus
674 4227 704 4278 ro
723 4229 821 4281 desines
841 4229 880 4296 (ds
899 4243 971 4283 corr.
991 4229 1018 4282 iu
1038 4229 1071 4294 et)
1145 4227 1174 4279 ‘u
1197 4225 1307 4289 quodam

93 4304 239 4366 Pincianus:
260 4315 362 4380 quidem
434 4313 468 4366 22
489 4315 579 4364 cotidie
600 4315 642 4382 (co
662 4317 747 4383 corr.)
821 4317 855 4370 ‘23
875 4319 1012 4384 equiorisq;
1035 4317 1136 4386 (iorisq;
1158 4313 1240 4380 corr.)

94 4397 123 4448 L’l
140 4409 212 4463 preter
