3212 5326
443 369 520 414 DtAL.
538 371 574 412 tv.
605 371 644 412 nn
660 370 713 411 ran
729 370 783 412 nte.
800 369 828 412 ιι.
857 371 890 412 aa.
906 371 939 412 ar.
1262 370 1299 432 81

97 517 266 580 centesimus
291 524 323 578 et
347 516 493 597 potiones
517 517 571 578 uix
587 513 737 578 honestas
757 514 912 578 natalibus
928 513 1097 576 liberorum
1114 513 1304 595 podagricus

96 643 179 686 senex
199 621 374 696 hauriebat,
399 642 470 684 cum
494 621 618 684 interim
648 642 714 684 non
741 621 902 684 lacrimam
926 621 1041 694 emisit,
1070 639 1134 682 non
1158 619 1303 682 dolorem

96 730 183 810 aliquo
212 729 306 810 signo
337 747 502 809 erumpere
533 747 643 809 passus
678 737 735 791 est.
782 728 904 790 cenauit
941 735 1105 808 tamquam
1144 747 1202 808 pro
1240 724 1304 788 filio

71 841 82 888 l
96 844 252 897 exorasset.
299 835 430 916 quaeris,
454 837 570 916 quare?
604 833 746 896 habebat
777 832 918 896 alterum.
963 833 1039 914 quid
1070 832 1119 894 ille
1145 833 1304 894 Priamus?

95 961 147 1002 non
174 939 381 1004 dissimulauit
410 941 487 1004 iram
520 949 552 1002 et
583 942 664 1022 regis
695 959 799 1020 genua
830 939 1018 1022 complexus
1049 943 1117 1004 est?
1148 937 1304 1002 funestam
1333 965 1346 1003 s

94 1046 300 1128 perfusamque
333 1067 442 1110 cruore
473 1045 514 1108 fili
547 1066 675 1110 manum
704 1048 745 1110 ad
769 1067 805 1110 os
830 1068 921 1110 suum
945 1045 1056 1120 retulit,
1081 1040 1223 1108 cenauit?
1247 1047 1306 1108 sed
1414 1037 1416 1044 ¹

94 1166 186 1216 tamen
215 1155 283 1216 sine
312 1162 490 1235 unguent0,
521 1153 588 1214 sine
616 1153 754 1229 coronis,
785 1161 817 1216 et
847 1152 932 1215 illum
971 1152 1071 1216 hostis
1109 1153 1307 1215 saeuissimus

94 1259 183 1322 multis
212 1259 347 1334 solaciis,
387 1268 422 1321 ut
452 1259 556 1322 cibum
589 1267 731 1341 caperet,
763 1257 906 1322 hortatus
937 1269 1001 1335 est,
1031 1279 1096 1320 non
1127 1267 1161 1320 ut
1193 1258 1307 1341 pocula

69 1367 216 1446 lingenda
240 1387 336 1448 super
359 1373 453 1448 caput
476 1366 582 1448 posito
599 1367 732 1428 custode
748 1366 885 1428 siccaret.
933 1366 1174 1448 contempsisset
1197 1373 1304 1444 tyran·

93 1493 156 1534 num
178 1475 277 1555 pater,
302 1473 326 1534 si
350 1473 408 1536 sibi
432 1471 604 1534 timuisset:
620 1492 713 1560 ,nunc
736 1472 813 1534 iram
833 1474 1014 1554 conpescuit
1037 1472 1145 1554 pietas.
1193 1472 1306 1552 dignus
1322 1495 1346 1534 ru

93 1579 139 1640 luit
160 1582 206 1642 cui
228 1579 427 1661 permitteret
451 1598 469 1640 a
493 1579 637 1641 conuiuio
661 1579 702 1640 ad
726 1597 799 1640 ossa
822 1577 864 1640 fili
886 1577 1023 1658 legenda
1052 1577 1219 1640 discedere.
1267 1597 1307 1638 ne

93 1685 144 1746 hoc
165 1687 295 1767 quidem
318 1685 460 1766 permisit
490 1684 645 1764 benignus
669 1685 791 1748 interim
816 1694 848 1748 et
880 1686 978 1747 comis
1002 1684 1207 1748 adulescens:
1233 1703 1306 1765 pro-

93 1793 292 1872 pinationibus
316 1811 424 1854 senem
449 1790 573 1866 crebris
598 1801 632 1854 ut
656 1803 730 1854 cura
752 1791 907 1866 leniretur,
930 1793 1106 1854 admonens
1124 1791 1307 1865 lacessebat,

94 1907 191 1960 contra
229 1897 280 1960 ille
318 1916 353 1959 se
390 1897 508 1960 laetum
548 1907 580 1960 et
619 1897 762 1973 oblitum,
800 1899 876 1978 quid
914 1919 953 1960 eo
992 1907 1096 1960 actum
1135 1906 1219 1960 esset
1250 1898 1308 1972 die,

92 2005 242 2085 praestitit.
290 2005 425 2086 perierat
453 2003 532 2066 alter
555 2003 650 2078 filius,
682 2005 706 2066 si
730 2002 862 2066 carnifici
891 2004 1024 2066 conuiua
1047 2025 1109 2066 non
1133 2003 1308 2084 placuisset.
1327 2033 1350 2072 ra

69 2121 76 2170 l
171 2110 323 2172 XXXIV.
370 2110 458 2190 Ergo
481 2111 526 2172 ira
556 2110 778 2172 abstinendum
804 2119 865 2184 est,
896 2112 961 2173 siue
984 2131 1041 2192 par
1065 2121 1112 2172 est
1136 2111 1187 2191 qui
1211 2110 1307 2172 laces·

91 2219 197 2280 sendus
221 2225 269 2278 est
293 2217 358 2278 siue
374 2218 515 2297 superior
538 2217 604 2280 siue
628 2215 761 2280 inferior.
807 2237 878 2278 cum
895 2238 970 2299 pare
986 2217 1178 2278 contendere
1194 2237 1310 2297 anceps

93 2331 141 2396 est,
178 2343 250 2386 cum
288 2324 449 2404 superiore
480 2321 646 2397 furiosum,
686 2343 758 2385 cum
797 2322 942 2386 inferiore
980 2323 1154 2386 sordidum.
1209 2323 1310 2404 pusilli

93 2426 218 2492 hominis
248 2437 280 2490 et
308 2430 412 2490 miseri
442 2439 490 2490 est
521 2439 665 2510 repetere
695 2429 907 2492 mordentem.
955 2449 1059 2492 mures
1090 2429 1310 2510 formicamque,

93 2534 114 2594 si
135 2555 262 2598 manum
287 2536 476 2609 admoueris,
501 2555 558 2597 ora
581 2544 776 2609 conuertunt,
801 2535 955 2598 inbecillia
977 2556 1012 2598 se
1036 2536 1118 2598 laedi
1141 2545 1262 2618 putant,
1286 2536 1311 2597 si
1326 2561 1352 2600 n
1401 2556 1405 2565 ·

65 2647 263 2722 ¹ttanguntur.
309 2640 402 2702 faciet
432 2661 490 2704 nos
523 2642 678 2715 mitioreS,
712 2641 737 2704 si
761 2642 1019 2720 cogitauerimus,
1043 2644 1119 2722 quid
1143 2641 1312 2723 aliquando

93 2747 177 2809 nobis
206 2747 359 2830 profuerit
392 2747 440 2808 ille
471 2748 519 2808 cui
550 2748 725 2820 irascimur,
758 2755 789 2808 et
821 2747 938 2810 meritis
977 2747 1098 2809 offensa
1134 2747 1312 2810 redimetur.

93 2853 160 2914 illud
183 2874 310 2936 quoque
334 2861 485 2927 occurrat,
508 2861 661 2934 quantum
686 2853 778 2915 nobis
806 2854 1092 2915 commendationis
1121 2853 1251 2914 allatura
1273 2853 1313 2914 sit

66 2959 271 3022 3clementiae
308 2958 407 3032 sama,
439 2980 534 3040 quam
568 2959 685 3022 multos
717 2961 809 3022 uenia
838 2960 958 3042 amicos
989 2959 1077 3021 utiles
1113 2959 1228 3022 fecerit.
1273 2977 1314 3019 ne

93 3067 254 3128 irascamur
277 3067 473 3129 inimicorum
498 3073 530 3128 et
553 3065 692 3128 hostium
716 3065 828 3140 liberis,
852 3066 932 3129 inter
952 3065 1099 3128 Sullanae
1123 3067 1314 3128 crudelitatis
1328 3091 1354 3133 ns

93 3171 235 3254 exempla
266 3180 327 3246 est,
359 3173 446 3252 quod
470 3192 488 3234 a
512 3171 672 3252 republica
703 3171 819 3234 liberos
850 3173 1100 3254 proscriptorum
1131 3173 1311 3236 submouit:

64 3277 160 3338 lnihil
185 3289 231 3340 est
254 3278 385 3358 iniquius
408 3287 511 3359 quam'
529 3278 664 3359 aliquem
689 3278 838 3340 heredem
871 3280 992 3360 paterni
1020 3281 1084 3340 odii
1107 3279 1181 3340 fieri.
1228 3280 1313 3359 cogi-

92 3391 200 3458 temus,
223 3385 369 3465 quotiens
385 3386 426 3445 ad
443 3385 671 3464 ignoscendum
689 3382 828 3446 difficiles
845 3386 967 3459 erimus,
993 3405 1032 3446 an
1053 3387 1205 3467 expediat
1221 3385 1314 3447 nobis

92 3507 200 3550 omnes
221 3489 431 3552 inexorabiles
455 3509 532 3552 esse.
578 3509 674 3571 quam
698 3510 793 3572 saepe
818 3493 941 3552 ueniam
965 3493 1018 3572 qui
1049 3493 1176 3571 negauit
1202 3493 1310 3573 petiit?

92 3615 185 3674 quam
214 3615 308 3677 saepe
347 3597 412 3656 eius
442 3596 576 3678 pedibus
607 3596 775 3658 aduolutus
807 3607 869 3676 est,
901 3618 995 3677 quern
1027 3600 1131 3660 asuis
1160 3597 1312 3680 reppulit?
1328 3623 1354 3660 :ro

55 3760 57 3766 ,
93 3699 165 3778 quid
197 3711 242 3762 est
274 3700 439 3782 gloriosius
470 3721 566 3784 quam
597 3704 674 3763 iram
712 3704 848 3764 amicitia
888 3707 1027 3764 mutare?
1067 3726 1147 3786 quos
1180 3703 1315 3786 populus

93 3873 201 3938 lquere
225 3875 276 3942 (are
301 3875 386 3942 corr.)
495 3875 510 3930 6
536 3875 578 3926 filii
688 3878 703 3926 ll
724 3879 910 3942 contempsisset
936 3883 1063 3942 tyrannum
1091 3893 1160 3944 pater
1186 3877 1312 3946 Madanp:

93 3967 274 4026 contempsisset
292 3971 400 4016 romanti
419 3971 514 4030 patrem
617 3965 641 4016 ll
666 3967 812 4014 nconniuio
833 3967 1030 4035 (pestanus.)
1128 3970 1170 4016 filii
1191 3967 1316 4032 (alterum

992 4050 1014 4075 re

94 4087 224 4138 iacorr.
244 4087 320 4154 add.)
431 4087 463 4140 12
484 4090 626 4138 adolescens
654 4088 679 4156 (o
701 4089 784 4155 corn)
890 4091 922 4143 13
942 4092 1029 4140 lenitur
1048 4097 1083 4160 (re
1102 4107 1135 4144 m.
1152 4091 1208 4160 pr.)

96 4191 124 4241 lt')
139 4193 241 4255 perierat
259 4192 314 4246 El:
336 4195 424 4259 periret
440 4197 485 4256 (ret
499 4196 581 4262 corr.)
660 4167 809 4258 ”placuisset
884 4195 916 4250 19
936 4198 1044 4246 hominis
1064 4207 1087 4248 et
1100 4199 1181 4246 miseri
1202 4207 1234 4244 est
1255 4193 1315 4246 cod.

93 4285 116 4328 «ι
129 4277 194 4332 edd.
207 4281 337 4350 usquead
349 4280 507 4336 Ft'clcerlum
521 4291 546 4336 el
559 4282 701 4346 Hunsitun,
715 4285 763 4353 qui
775 4285 882 4334 hominis
896 4293 931 4334 est
943 4293 966 4333 et
979 4287 1062 4336 miseri
1075 4285 1246 4353 scripserunt

93 4369 125 4418 ‘tu
139 4367 192 4416 ledi
270 4369 303 4424 22
323 4372 453 4420 redimetur
473 4372 520 4437 (tur
539 4373 566 4424 in
585 4371 652 4437 ros.)
738 4371 771 4426 25
791 4374 888 4432 liberis,
909 4375 971 4422 inter
990 4373 1162 4443 interpunxit
1182 4369 1314 4441 Modreip;

91 4453 144 4520 fuit
159 4465 237 4509 antea
249 4460 336 4511 liberis.
358 4460 419 4508 inter
490 4462 583 4523 syllane
655 4460 688 4513 26
703 4462 864 4526 abrepublica
938 4460 971 4513 29
985 4464 1054 4526 petiit
1069 4459 1165 4513 Gertz:
1187 4463 1246 4526 petit

1083 4549 1098 4602 tt
