3234 5336
276 364 352 404 xxtv
682 363 720 404 DE
734 363 848 405 comcs
861 363 1102 407 Mauronnuausl.

278 513 326 588 16,
345 515 362 572 7
381 515 547 587 aptitudine
563 515 626 570 id?
650 514 786 581 tristium
811 511 946 590 denique
975 512 1022 582 19,
1043 513 1055 571 1
1082 529 1139 587 pro
1163 515 1287 572 indiuisa
1312 515 1402 572 datur
1425 514 1500 587 quod

273 641 317 696 cic
346 640 376 696 in
408 639 468 695 aliu
501 639 684 707 transfertur
714 643 744 694 ut
776 631 834 694 olb'
855 640 913 708 fior
940 633 1050 711 parre‘t’
1079 623 1216 716 comune,
1247 635 1304 695 nisi
1334 636 1421 715 quod
1451 631 1499 693 hic

276 743 346 822 ipsa
369 741 471 821 prima
494 760 605 801 manus
627 743 695 801 sine
720 739 781 801 ulla
806 739 1002 801 dubitatione
1026 742 1230 820 agnoscenda
1253 751 1309 802 est.

364 863 468 926 Venio
492 884 573 924 nunc
597 863 637 924 ad
661 883 784 924 rasuras
808 873 840 924 et
863 865 1088 939 correctiones,
1112 884 1243 944 quarum
1267 864 1383 926 nullam
1408 884 1500 925 manu

274 971 373 1032 altera
396 970 445 1031 uel
469 971 561 1031 tertia
583 971 777 1049 superiorem
806 991 875 1030 esse
903 972 965 1030 iam
989 990 1085 1050 supra
1114 969 1273 1051 professus
1303 991 1389 1045 sum,
1421 991 1500 1050 quae

273 1078 401 1158 quidem
440 1077 499 1138 dici
537 1077 644 1154 nequit
682 1084 835 1155 quantum
876 1073 1055 1136 detrimenti
1094 1077 1194 1149 codici
1230 1076 1396 1164 attulerint.
1452 1076 1501 1136 Ac

273 1185 409 1264 primum
433 1183 561 1262 quidem
586 1190 656 1244 tota
680 1181 835 1242 uocabula
858 1183 900 1243 ita
923 1181 1037 1242 abrasa
1059 1191 1091 1242 et
1115 1183 1179 1244 aliis
1204 1193 1326 1244 mutata
1349 1192 1438 1256 sunt,
1470 1193 1501 1243 ut

273 1290 349 1370 quid
365 1290 470 1350 codex
495 1287 639 1349 habuerit
664 1307 759 1368 saepe
782 1290 912 1349 omnino
936 1287 1081 1368 ignotum
1105 1290 1153 1363 sit,
1177 1292 1207 1350 in
1230 1310 1295 1370 quo
1311 1309 1429 1370 genere
1452 1309 1502 1349 me

273 1416 337 1456 non
361 1395 476 1456 morari
501 1371 613 1467 Italos,
645 1396 697 1474 qui
728 1394 868 1474 pluribus
890 1393 968 1455 locis
991 1397 1126 1475 primam
1155 1415 1283 1456 manum
1308 1395 1422 1476 legisse
1445 1394 1502 1456 sibi

273 1504 329 1564 uisi
354 1511 434 1576 sunt,
458 1502 564 1562 statim
589 1499 629 1561 ab
653 1501 739 1561 initio
764 1500 940 1580 significaui.
988 1499 1094 1563 Veluti
1121 1505 1502 1576 tastamentum

273 1646 336 1688 arse
353 1631 506 1702 ,nraecuos
527 1624 557 1685 in
582 1644 689 1687 rasura
712 1624 825 1705 legitur
847 1644 934 1686 curos
958 1607 991 1686 e'e
1001 1629 1097 1707 probi,
1123 1632 1279 1703 praecisos
1294 1623 1364 1688 sola
1379 1627 1500 1688 coniec-

274 1741 345 1793 tura
368 1733 473 1793 nititur
481 1753 492 1804 ,·
524 1733 559 1810 4,
585 1733 619 1810 8,
652 1731 671 1790 2
703 1751 761 1792 non
792 1735 853 1792 alin
884 1751 972 1808 quum
1003 1737 1033 1792 in
1063 1736 1131 1793 ludo
1161 1736 1341 1809 placitatoria
1372 1737 1435 1794 uita
1465 1729 1504 1793 esi

276 1858 397 1917 quorum
429 1841 584 1898 ludentium
610 1842 879 1914 pauperculumque,
911 1837 964 1898 ubi
994 1857 1059 1898 eum
1089 1841 1179 1899 isdem
1210 1843 1383 1914 uiuentium,
1416 1840 1503 1918 quod

275 1942 486 2025 Neapolitana
509 1942 615 2017 habet,
638 1931 788 2025 magnam
804 1964 881 2025 prae
897 1963 931 2004 se
947 1942 1027 2005 serre
1043 1943 1300 2025 probabilitatem
1316 1965 1380 2006 non
1396 1965 1501 2025 neg03

276 2051 410 2124 l‚10,6
435 2051 484 2110 ubi
506 2055 634 2111 isticcine
656 2058 737 2112 locus
760 2062 802 2111 est
826 2051 854 2130 (i.
872 2069 911 2110 m.
934 2071 1029 2112 manu
1053 2071 1112 2113 rec.
1137 2056 1184 2112 isti
1206 2050 1324 2128 scenae)
1348 2052 1504 2112 editiones

274 2158 429 2238 praebent
453 2158 501 2217 ubi
523 2160 586 2216 istic
608 2161 691 2229 irue;
715 2160 744 2230 5,
772 2159 856 2230 15,3
881 2162 924 2217 sic
947 2157 1019 2218 edit*
1045 2162 1127 2234 opud
1148 2161 1211 2219 illos
1233 2161 1276 2218 sic
1298 2158 1402 2217 bibitur
1426 2165 1503 2218 m.4

275 2266 305 2325 in
321 2265 463 2342 margine
479 2263 658 2324 coniectura
673 2282 740 2324 rem
756 2253 813 2323 acu
829 2265 933 2342 tetigit
949 2263 1117 2324 scribendo
1134 2273 1214 2324 estur
1230 2261 1279 2343 (cs.
1293 2261 1390 2324 Plaut.
1407 2263 1504 2324 Most.

277 2372 339 2432 235
357 2374 420 2430 dies
442 2378 597 2445 noctesque
620 2380 699 2430 estur
722 2369 838 2446 bibitur)
847 2391 858 2440 ,·
882 2370 910 2442 7,
928 2370 955 2443 2,
973 2373 991 2429 2
1009 2375 1126 2446 uolpum
1143 2379 1239 2430 aulem
1255 2379 1313 2430 tam
1330 2375 1505 2431 clumidotos

276 2495 364 2552 quam
385 2487 542 2536 coronulas
564 2494 647 2548 uoco,
672 2474 724 2535 ubi
747 2475 884 2555 priorem
908 2477 1093 2554 scripturam
1118 2495 1246 2556 prorsus
1262 2476 1408 2536 abrasam
1434 2496 1503 2536 esse

276 2585 371 2642 etiam
395 2580 463 2642 Itali
487 2580 620 2642 confessi
644 2591 736 2655 sunt,
765 2583 793 2655 7,
811 2585 860 2656 25,
879 2584 898 2642 2
922 2587 1086 2643 aeroiniclum
1109 2587 1160 2656 cil,
1184 2581 1236 2644 ubi
1260 2583 1372 2642 eadem
1397 2601 1501 2642 corre-

277 2689 371 2750 ctoris
395 2690 619 2768 inportunitate
643 2689 749 2748 codex
773 2689 840 2768 ipse
872 2697 903 2750 et
936 2707 1045 2750 manus
1076 2689 1186 2750 tertiae
1217 2698 1294 2749 nota
1324 2688 1503 2768 marginalis

277 2803 426 2876 corrupta
449 2805 505 2868 est,
529 2793 625 2875 paulo
648 2803 721 2855 ante
744 2797 894 2868 tractaui;
925 2798 974 2869 10,
997 2799 1024 2868 6,
1051 2798 1069 2854 2
1092 2797 1185 2856 subito
1211 2800 1283 2855 enim
1307 2801 1429 2856 uolnere
1448 2814 1504 2871 per

275 2907 382 2978 laquea
398 2915 518 2977 accepto
535 2907 693 2978 conlapsus
710 2911 760 2982 est,
782 2899 936 2961 habemus
952 2897 990 2962 in'
999 2921 1106 2962 rasura
1117 2906 1266 2978 peripneS,
1289 2902 1329 2962 ad
1345 2920 1427 2981 quae
1443 2902 1503 2962 ioci

277 3029 371 3069 causa
398 3009 517 3068 addere
545 3005 617 3068 licet
650 3008 685 3081 2,
710 3009 745 3081 6,
771 3008 789 3065 7
814 3011 921 3068 dilectu
943 3017 1043 3069 scorta
1067 3007 1185 3068 litteras
1210 3029 1228 3065 u
1252 3018 1351 3067 scorta
1374 3007 1504 3067 abrasas

277 3134 346 3176 esse
377 3134 479 3196 neque
509 3123 616 3175 tamen
647 3115 701 3187 ita,
733 3122 855 3173 utnon
879 3114 919 3174 ab
944 3134 983 3174 eo
1006 3114 1059 3193 qui
1082 3115 1181 3175 aciem
1205 3113 1364 3187 intendat,
1397 3114 1504 3195 dispici

276 3220 406 3302 possint.
453 3218 576 3280 Harum
600 3219 715 3281 similes
731 3219 755 3280 si
772 3219 908 3300 reliquae
925 3239 1036 3280 omnes
1052 3229 1157 3280 essent
1173 3239 1307 3293 rasurae,
1331 3219 1413 3280 male
1430 3238 1503 3297 age-

278 3334 362 3387 retur
386 3345 456 3387 cum
481 3324 622 3387 Senecae
646 3323 879 3400 emendatione,
905 3326 962 3387 sed
979 3325 1130 3408 plurimae
1145 3346 1273 3407 prorsus
1289 3325 1365 3386 alius
1381 3326 1505 3406 generis

276 3441 403 3494 suntet
426 3413 510 3494 haud
535 3453 605 3494 raro
630 3434 672 3492 ita
696 3440 915 3513 comparatae,
947 3441 981 3493 ut
1004 3432 1174 3512 indignatio
1199 3433 1229 3492 in
1252 3433 1347 3492 risum
1371 3451 1502 3492 conuer-

236 3609 238 3614 ,
275 3547 367 3600 tatur.
422 3538 536 3601 Codex
576 3540 659 3600 enim
698 3539 823 3619 qualem
855 3537 982 3599 saeculo
1015 3515 1213 3599 duodecimo*
1243 3547 1380 3598 exeunte
1411 3536 1505 3620 fuisse

276 3644 419 3707 conicere
442 3645 513 3706 licet
537 3664 610 3705 cum
634 3646 735 3724 magis
760 3645 923 3724 magisque
955 3652 1156 3718 tractaretur,
1188 3644 1361 3704 extiterunt
1392 3644 1504 3724 quibus

276 3772 340 3812 non
371 3752 510 3832 placeret
540 3754 693 3832 scriptura
723 3771 786 3811 uno
817 3750 1035 3831 aequabilique
1065 3760 1176 3811 tenore
1207 3752 1375 3811 decurrens
1404 3769 1505 3830 neque
1597 3772 1601 3782 ’

277 3857 381 3920 multis
405 3858 488 3918 notis
512 3860 648 3937 signisue
671 3859 829 3932 instructa,
853 3878 931 3938 quas
956 3860 1039 3936 ipsas
1063 3866 1156 3918 notas
1179 3841 1408 3938 tamquam'ad
1432 3876 1505 3917 suae

277 3965 387 4026 aetatis
404 3965 664 4025 consuetudinem
683 3966 783 4044 magis
799 3965 1066 4025 adcommodatas
1091 3963 1131 4024 illi
1147 3965 1260 4024 rasuris
1276 3961 1387 4024 mserre
1403 3963 1506 4024 conati

276 4080 357 4132 sunt.
405 4067 499 4130 Cuius
523 4071 651 4130 rationis
674 4090 768 4150 quarn
794 4073 876 4131 uiam
902 4083 934 4130 et
957 4070 1101 4130 ordinem
1117 4065 1247 4142 inierint,
1270 4070 1344 4130 satis
1361 4077 1506 4130 accurate

278 4175 448 4238 obseruare
472 4176 552 4237 licet.
600 4174 706 4237 Veluti
737 4196 808 4236 cum
840 4176 995 4256 scriptura
1025 4196 1077 4254 ue,
1108 4169 1190 4256 quae
1220 4174 1347 4256 quidem
1375 4184 1506 4260 propter

276 4283 345 4345 soni
375 4283 469 4363 ipsius
500 4281 687 4342 molestiam'
718 4283 780 4344 iam
820 4283 906 4363 apud
945 4291 1068 4342 ueteres
1100 4283 1291 4344 mutationes
1324 4302 1420 4363 passa
1450 4291 1505 4352 est,

277 4389 378 4450 minus
402 4399 494 4470 grata
518 4388 690 4461 uideretur,
714 4390 850 4469 primum
875 4407 893 4450 a
916 4389 1045 4469 punctis,
1062 4398 1208 4451 notatum
1233 4399 1290 4463 est,
1314 4396 1349 4449 ut
1374 4395 1403 4464 4,
1432 4391 1461 4462 9,
1485 4389 1503 4447 2
