3212 5318
293 353 371 398 urar,
383 353 410 396 x.
439 353 481 395 ab
497 351 650 396 ravaruvn
667 355 706 394 on
722 353 890 396 saevitura
904 355 1001 396 vr'rns.
1030 357 1050 398 u.
1066 357 1085 398 r.
1235 360 1298 420 227
1378 335 1392 356 '

83 500 249 562 audaciam.
298 507 382 562 sero'
401 500 506 580 itaque
536 500 726 581 querebatur
755 498 854 564 nullas
885 499 942 562 sibi
973 499 1064 564 ferias
1087 501 1300 582 contigissea

10 591 29 696 {¹⁴
83 627 172 688 puero
205 607 374 670 seditiosus
405 615 437 670 et
468 607 537 670 foro
566 609 678 688 grauis.
725 608 916 690 disputatur,
949 627 988 668 an
1020 607 1086 688 ipse
1109 606 1166 670 sibi
1191 625 1300 668 manus

10 699 11 720 ¹
82 713 224 777 attulerit.
253 713 378 782 ,subito
410 715 493 778 enim
524 713 653 778 uolnere
681 735 738 795 per
761 715 875 794 inguen
899 721 1031 796 accepto
1055 713 1221 794 conlapsus
1244 720 1301 788 est,

10 843 12 924 p
82 819 177 902 aliquo
211 820 395 897 dubitante,
426 840 466 884 an
498 840 584 884 mors
614 823 680 884 eius
704 821 878 884 uoluntaria
901 828 1001 894 esset,
1032 820 1133 896 nullo,
1158 839 1198 882 an
1220 828 1299 882 tem-

59 941 68 986 :f
82 928 204 1008 pestiua.
251 947 480 1010 superuacuum
519 938 567 990 est
604 947 855 994 commemorare
892 926 1012 1008 plureS,
1050 929 1102 1011 qui
1134 947 1206 989 curn
1238 925 1329 990 aliisi

83 1033 241 1098 felicissimi
266 1035 453 1110 uiderentur,
477 1034 535 1116 ipsi
558 1035 591 1096 in
611 1055 646 1098 se
663 1055 771 1098 uerum
788 1035 1003 1098 testimonium
1020 1033 1177 1109 dixerunt,
1200 1033 1303 1115 perosi

10 1129 11 1204 l
83 1162 207 1204 omnem
233 1152 341 1205 actum
365 1161 519 1206 annorum
543 1161 681 1206 suorum.
728 1141 785 1204 sed
814 1140 861 1204 his
884 1140 1028 1222 querellis
1052 1161 1110 1204 nec
1133 1140 1212 1203 alios
1235 1160 1301 1203 mu-

10 1287 11 1290 =
83 1258 226 1325 taueruqt
258 1268 318 1312 nec
348 1269 381 1310 se
412 1249 505 1330 ipsos.
552 1267 625 1310 nam
657 1268 729 1312 cunr
761 1248 858 1311 uerba
881 1257 1066 1330 eruperunt,
1097 1246 1239 1312 adfectus
1263 1247 1303 1308 ad

9 1355 11 1432 l
59 1363 68 1414 f
84 1356 342 1420 consuetudinem
374 1354 564 1420 relabuntur.
611 1365 716 1419 uestra
747 1375 799 1418 me
830 1354 971 1418 hercules
1002 1355 1083 1429 uita,
1114 1355 1186 1418 licet
1209 1373 1304 1436 supra

85 1463 161 1526 mille
194 1483 297 1525 annos
328 1472 439 1539 exeat,
471 1464 500 1526 in
532 1463 722 1526 artissimum
751 1461 961 1526 contrahetur.
1009 1463 1067 1526 ista
1090 1463 1164 1524 uitia
1186 1461 1303 1524 nullum
1322 1480 1344 1520 ru

10 1589 11 1636 3
84 1591 141 1632 uon
164 1569 328 1633 saeculum
352 1569 567 1634 deuorabunt:
594 1570 656 1632 hoc
671 1590 747 1632 uero
763 1571 898 1651 spatium
915 1570 1012 1653 quod,
1035 1570 1179 1650 quamuis
1195 1577 1306 1632 natura

9 1701 11 1738 ι
85 1690 196 1753 currat,
222 1675 303 1740 ratio
326 1675 451 1751 dilatat,
481 1677 543 1738 cito
567 1697 626 1738 uos
649 1675 777 1757 effugiat
801 1691 930 1740 necesse
953 1685 1009 1738 est.
1055 1675 1225 1738 nonenim
1250 1675 1303 1738 ad-

85 1783 232 1864 prenditis
256 1801 315 1845 nec
339 1783 475 1846 retinetis
498 1803 556 1845 nec
580 1782 796 1846 uelocissimae
820 1783 961 1848 omniurn
986 1783 1028 1844 rei
1052 1801 1175 1845 moram
1200 1780 1305 1856 facitis

86 1891 136 1952 sed
160 1890 249 1952 abire
275 1900 308 1951 ut
332 1909 398 1952 rem
422 1909 649 1970 superuacuam
674 1909 711 1951 ac
734 1889 942 1970 reparabilem
966 1890 1071 1953 sinitis.

65 2003 69 2052 l
170 1997 241 2060 Vll.
282 1981 448 2077 Inprimis
471 2006 578 2060 autem
602 2005 634 2058 et
657 1995 726 2058 illos
749 2015 891 2070 numer0,
914 1996 966 2076 qui
990 1995 1062 2058 nulli
1086 1996 1129 2058 rei
1152 1995 1209 2058 nisi
1234 1995 1306 2056 uino
1324 2011 1346 2050 rs

8 2107 10 2162 l
87 2123 122 2166 ac>
141 2102 261 2168 libidini
286 2112 409 2166 uacant.
439 2101 512 2174 nulli
536 2103 618 2167 enim
642 2103 762 2184 turpius
787 2105 932 2184 occupati
955 2111 1035 2165 sunt.
1067 2103 1162 2165 ceteri
1186 2102 1307 2164 etiamsi

9 2233 10 2238 ¹
89 2230 162 2272 uana
186 2208 308 2292 gloriae
332 2210 468 2290 imagine
484 2218 659 2284 teneantur,
682 2210 824 2290 speciose
840 2219 947 2272 tamen
963 2218 1075 2272 errant.
1108 2207 1179 2272 licet
1194 2229 1307 2271 auaros

89 2317 173 2392 mibi,
209 2315 284 2380 licet
320 2317 486 2380 iracundos
517 2335 681 2380 enumeres
712 2315 763 2379 uel
794 2317 868 2379 odia
899 2325 1085 2379 exercentes
1115 2316 1227 2378 iniusta
1258 2312 1308 2376 uel

89 2421 185 2486 bella:
221 2443 334 2486 omnes
366 2424 414 2486 isti
446 2421 559 2486 uirilius
582 2431 733 2504 peccant:
768 2423 798 2484 in
822 2431 966 2486 uentrem
990 2441 1026 2486 ac
1049 2422 1210 2485 libidinem
1234 2441 1306 2502 pro·

62 2529 236 2592 liectorum
272 2529 438 2618 iphonesta
473 2529 560 2592 labes
595 2539 651 2592 est.
702 2530 824 2612 omnia
844 2531 975 2594 istorum
1006 2539 1153 2611 tempora
1184 2537 1347 2592 excutere

89 2639 210 2718 adspice
235 2636 384 2718 quamdiu
408 2645 589 2718 conputent,
613 2637 763 2718 quamdiu
788 2637 977 2712 insidientur,
1001 2637 1151 2718 quamdiu
1166 2637 1308 2710 timeant,

89 2743 233 2824 quamdiu
257 2743 379 2818 colant,
409 2743 558 2826 quamdiu
583 2742 731 2818 colantur,
755 2751 908 2824 quantum
931 2743 1112 2808 uadimonia
1134 2763 1190 2806 sua
1213 2753 1309 2824 atque

91 2849 184 2912 aliena
215 2858 387 2930 occupent,
410 2859 571 2931 'quantum
603 2851 762 2923 conuiuia,
794 2868 875 2930 quae
905 2849 966 2912 iam
999 2849 1065 2929 ipsa
1088 2847 1191 2910 officia
1214 2857 1321 2935 suntzb

7 2995 8 3006 ,
91 2956 221 3032 uidebis,
253 2956 528 3038 quemadmodum
560 2955 628 3018 illos
659 2956 811 3037 respirare
842 2975 906 3018 non
937 2957 1039 3018 sinant
1070 2954 1119 3018 uel
1148 2954 1231 3018 mala
1254 2975 1310 3016 sua

62 3063 136 3124 luel
166 3063 260 3126 bona.
309 3062 443 3144 denique
472 3063 551 3124 inter
575 3079 686 3122 omnes
709 3061 857 3124 conuenit
880 3059 997 3123 nullam
1022 3080 1088 3122 rem
1113 3060 1194 3122 bene
1218 3080 1306 3122 exer·
1324 3081 1350 3120 us

92 3171 148 3230 ceri
178 3191 273 3252 posse
305 3169 347 3232 ab
378 3169 505 3232 homine
529 3177 702 3248 occupat0,
734 3189 798 3230 non
821 3168 1050 3248 eloquentiam,
1081 3187 1144 3230 non
1168 3166 1311 3230 liberales

92 3274 271 3357 disciplinas,
295 3276 424 3358 quando
448 3276 605 3338 districtus
628 3277 749 3338 animus
772 3274 847 3338 nihil
870 3274 960 3338 altius
983 3275 1101 3355 recipit,
1125 3276 1182 3337 sed
1207 3275 1312 3336 omnia

93 3417 100 3422 -
110 3417 189 3426 —----
208 3419 252 3426 -—
260 3419 297 3426 ...a

93 3485 108 3536 3
126 3503 165 3554 per
183 3489 272 3554 inguen
292 3485 351 3540 Εἲς
373 3489 461 3552 pignes
480 3487 517 3556 (fit
537 3493 604 3548 rat.)
713 3486 728 3540 7
755 3485 847 3556 actum]
874 3485 910 3556 cf.
930 3489 1053 3558 epp.·ib,
1076 3489 1106 3538 19
1126 3487 1150 3536 in
1169 3488 1237 3538 omni
1257 3491 1312 3536 actu

95 3575 167 3634 uitae;
193 3575 227 3631 de
246 3576 305 3629 utta
324 3575 403 3630 beata
422 3579 464 3643 26,
484 3581 498 3628 4
524 3593 554 3626 ne
579 3578 611 3626 ad
635 3577 766 3658 qpiniones
790 3583 881 3626 uestras
907 3583 987 3626 actum
1013 3577 1078 3624 uitae
1102 3591 1172 3625 meae
1190 3575 1312 3626 flecterem

187 3665 203 3718 8
228 3668 329 3715 affectus
440 3665 474 3717 12
499 3671 579 3715 currat
598 3679 669 3718 unns
688 3661 869 3718 deteriorum:
891 3667 963 3716 currit
1065 3666 1128 3713 ratio
1148 3662 1313 3718 deteriorum

93 3753 181 3820 pauci:
202 3757 270 3804 natio
398 3754 548 3819 adprenditis
572 3755 597 3818 (n
616 3753 643 3806 fn
662 3753 729 3822 ras.)
857 3752 890 3805 13
914 3769 960 3804 nec
978 3753 1149 3803 uelocissimae
1168 3751 1225 3806 lf⁴=
1247 3754 1313 3804 uelo·

96 3841 184 3894 cissime
315 3845 425 3894 omnium
455 3841 618 3898 deteriores:
645 3845 695 3896 orni
832 3842 861 3896 ii
893 3843 988 3908 gloriae
1012 3843 1121 3907 imagine
1146 3839 1310 3897 deteriores:

97 3929 169 3992 gloria
187 3935 211 3982 in
230 3934 330 3998 megine
421 3930 453 3986 18
472 3933 548 3984 michi
566 3933 623 3984 licet
643 3933 681 3997 (fn
701 3947 787 4002 ntarq.
807 3948 840 3985 m.
861 3929 906 3998 alr.
926 3933 1058 3982 iracundos
1077 3947 1201 3982 enumeres
1208 3949 1215 3990 i
1234 3929 1312 3999 salta

98 4025 189 4074 narrat
207 4019 329 4084 Fickert)
348 4021 373 4070 ui
398 4017 434 4088 (t.
454 4037 476 4074 e.
496 4023 545 4088 uel)
571 4023 630 4072 odiu
649 4027 788 4072 exercentes
807 4022 895 4071 iniusta
914 4022 952 4071 uel
971 4021 1051 4086 bella,
1075 4019 1112 4072 fta
1131 4024 1161 4072 ut
1179 4017 1313 4073 Haastum

99 4108 236 4163 rectissime
255 4108 391 4163 indicasse
409 4114 544 4179 appareat
635 4111 666 4162 lli
687 4112 711 4160 in
731 4117 839 4160 uentrem
856 4107 1024 4162 Gronovius:
1046 4111 1184 4158 inuenerem
1203 4106 1263 4162 cod.
1276 4105 1313 4176 cf.

101 4192 133 4246 de
145 4195 225 4266 benef.
240 4201 263 4260 l,
278 4201 301 4260 2,
317 4201 331 4250 2
350 4200 426 4248 uentri
439 4215 468 4248 ac
488 4199 584 4248 libidini
603 4199 715 4257 deditum
736 4214 798 4269 epp.
813 4201 884 4263 55,5
904 4199 951 4249 sibi
970 4215 1019 4248 non
1037 4198 1105 4258 uiuit,
1123 4197 1166 4245 sed
1237 4197 1314 4247 uentri

100 4297 182 4335 somno
194 4288 302 4345 libidini;
325 4283 526 4352 siricorum,
542 4291 564 4348 1,
581 4290 609 4340 ll
626 4289 727 4353 nequid
746 4290 823 4340 uentri
843 4295 942 4352 negetur
960 4287 1104 4350 libidinique
1195 4283 1229 4340 20
1246 4286 1315 4336 labes

103 4368 197 4442 Noun:
211 4377 278 4426 tabes
320 4417 323 4424 ,
363 4375 395 4428 21
410 4377 493 4441 aspice
577 4383 726 4442 computent.
812 4377 845 4428 ab
865 4375 950 4430 nerim
970 4373 1003 4430 ab
1022 4373 1097 4428 mitto
1116 4373 1316 4444 capitibusque

104 4457 141 4510 nd
156 4463 250 4530 denique
267 4465 310 4518 iic·
329 4461 419 4520 alienu
437 4481 496 4518 esse
514 4463 583 4518 uidit
603 4463 684 4518 Gertz

1048 4551 1102 4604 15*
