3212 5318
248 330 251 336 ¹
308 344 371 406 242
391 359 402 384 ο
507 338 585 382 DIAL.
600 338 628 382 X.
655 339 697 380 An
713 336 869 379 PAVLINVM
884 337 925 380 DE
940 335 1110 380 BREVI'I'ATE
1124 335 1222 378 VITAE.
1253 337 1284 379 l'l.
1300 336 1332 378 18.

306 486 527 567 procuratione
564 485 746 546 consenuit:
788 484 849 546 suis
887 483 1001 564 opibus
1040 483 1204 544 detinetur.
1258 481 1393 542 Marium
1430 478 1548 557 caligat

306 591 442 654 dimisit:
481 590 662 652 consulatus
697 599 835 654 exercet.
882 589 1028 670 Quintius
1060 589 1248 650 dictaturam
1279 597 1429 668 properat
1461 607 1522 669 per-

307 699 443 761 uadere:
482 698 524 759 ab
555 704 659 759 aratro
690 695 897 760 reuocabitur.
941 695 999 756 ibit
1031 695 1062 756 in
1092 695 1218 757 Poenos
1248 695 1390 756 nondum
1422 702 1525 756 tantae

308 815 449 867 maturus
477 805 520 865 rei
543 801 659 884 Scipio,
706 803 807 865 uictor
829 800 1030 874 Hannibalis,
1061 802 1161 864 uictor
1185 800 1352 874 Antiochi,
1384 803 1431 862 sui
1456 819 1524 860 con-

281 911 425 974 ssulatus
447 910 560 985 decus,
593 908 718 972 fraterni
741 929 890 990 sponsor,
913 909 944 970 ni
967 928 1024 990 per
1045 909 1149 989 ipsum
1174 927 1264 970 mora
1286 908 1335 980 sit,
1358 927 1431 968 cum
1457 906 1525 968 Ioue

307 1025 495 1098 reponetur:
529 1017 633 1078 ciuiles
661 1025 856 1078 seruatorem
880 1016 924 1077 rei
946 1013 1091 1097 publicae
1114 1014 1282 1095 agitabunt
1304 1015 1481 1076 seditiones
1500 1021 1525 1074 et

307 1131 381 1204 post
404 1121 556 1186 fastiditos
580 1143 599 1184 a
622 1124 732 1185 iuuene
757 1122 804 1184 dis
827 1142 946 1202 aequos
970 1121 1108 1184 honores
1132 1121 1194 1182 iam
1210 1140 1320 1182 senem
1336 1120 1525 1182 contumacis

307 1229 380 1293 exili
403 1228 573 1292 delectabit
596 1229 738 1294 ambitio.
784 1247 956 1308 numquam
981 1229 1115 1290 deerunt
1138 1227 1188 1290 uel
1210 1225 1316 1288 felices
1332 1226 1381 1288 uel
1398 1229 1525 1290 miserae

306 1336 518 1400 sollicitudinis
541 1356 662 1398 causae.
708 1355 765 1418 per
788 1335 1011 1416 occupationes
1036 1336 1098 1396 uita
1121 1335 1273 1397 trudetur.
1316 1335 1416 1396 otium
1439 1354 1523 1394 nurn-

268 1461 292 1501 ιο
306 1464 402 1525 quam
425 1451 545 1524 agetur,
569 1462 695 1524 semper
719 1441 887 1523 optabitur.

395 1549 503 1611 XVIII
558 1525 705 1628 Excerpe
735 1550 841 1629 itaque
872 1555 905 1608 te
937 1546 1049 1627 uolgo,
1081 1547 1208 1608 Pauline
1240 1547 1415 1620 carissime,
1448 1556 1482 1608 et
1500 1547 1547 1606 inl

306 1654 549 1736 tranquilliorem
588 1663 715 1735 portum
754 1673 818 1714 non
855 1674 915 1733 pro
953 1654 1066 1716 aetatis
1102 1653 1205 1734 spatio
1235 1655 1369 1714 iactatus
1399 1654 1524 1715 tandem

305 1761 426 1823 recede.
472 1761 594 1841 cogita,
629 1769 708 1841 quot
744 1759 856 1822 fluctus
886 1760 1031 1834 subieris,
1068 1768 1148 1840 quot
1177 1768 1386 1840 tempestates
1417 1759 1523 1841 partim

306 1870 443 1949 priuatas
475 1868 671 1941 sustinueriS,
703 1867 817 1947 partim
849 1864 990 1947 publicas
1013 1867 1042 1926 in
1066 1875 1099 1927 te
1123 1867 1321 1928 conuertens.
1370 1867 1447 1928 satis
1471 1868 1523 1928 iarn
1591 1879 1597 1928 l

266 1992 290 2034 n
305 1995 362 2055 per
385 1974 544 2036 laboriosa
566 1983 598 2036 et
621 1974 759 2062 inquieta
782 1973 973 2034 documenta
997 1973 1139 2036 exhibita
1163 1973 1259 2033 uirtus
1283 1981 1349 2035 est:
1377 1973 1523 2053 experire,

305 2082 381 2162 quid
411 2082 442 2143 in
474 2083 540 2144 otio
565 2080 663 2144 laciat.
711 2083 812 2142 maior
842 2101 915 2160 pars
939 2082 1067 2154 adath,
1098 2088 1184 2140 certe
1208 2078 1320 2141 melior
1343 2079 1524 2161 reipublicae

306 2189 381 2251 data
404 2196 468 2248 est:
495 2187 612 2267 aliquid
635 2187 788 2266 temporis
811 2188 854 2248 tui
879 2206 968 2248 sume
992 2188 1086 2250 etiam
1111 2186 1174 2248 tibi.
1206 2207 1265 2248 nec
1288 2195 1320 2247 te
1340 2181 1383 2248 ad
1400 2193 1550 2267 segnem?
1596 2213 1597 2224 κ

305 2302 359 2355 aut
390 2294 521 2374 inertem
546 2295 684 2374 quietern
709 2313 811 2356 uoco:
842 2312 906 2354 non
930 2301 964 2354 ut
987 2312 1102 2354 somno
1126 2301 1158 2353 et
1179 2295 1260 2355 'caris
1282 2291 1396 2354 turbae
1421 2291 1522 2372 uolup-

306 2399 432 2473 tatibus,
455 2399 607 2479 quidquid
631 2407 679 2462 est
702 2399 732 2459 in
755 2408 788 2460 te
810 2398 924 2460 indolis
947 2399 1083 2477 uiuidae,
1107 2419 1243 2480 mergas,
1288 2418 1353 2460 non
1377 2409 1428 2463 est
1449 2399 1523 2462 istud
1596 2413 1597 2424 *

268 2523 293 2562 n
308 2505 527 2584 adquiescere:
569 2505 706 2566 inuenies
745 2507 865 2568 maiora
903 2503 1050 2567 omnibus
1088 2504 1193 2566 adhuc
1230 2514 1357 2567 strenue
1392 2501 1524 2568 tractatis

308 2611 471 2692 operibus,
502 2631 583 2690 quae
611 2612 766 2692 repositus
790 2620 822 2672 et
845 2631 972 2672 securus
995 2613 1102 2691 agites
1149 2620 1183 2673 tu
1206 2612 1335 2694 quidem
1360 2611 1447 2674 orbis
1468 2615 1552 2674 ter-3

308 2737 410 2780 rarum
447 2717 584 2780 rationes
615 2719 813 2780 administras
843 2725 909 2778 tam
942 2716 1136 2780 abstinenter
1165 2739 1262 2798 quam
1293 2718 1443 2793 alienas·
1464 2728 1524 2782 tam

308 2823 473 2904 diligenter
503 2845 598 2905 quarn
623 2833 707 2899 tuas,
740 2833 805 2884 tam
830 2823 974 2904 religiose
996 2844 1095 2905 quam
1115 2823 1265 2906 publicas.
1312 2827 1344 2887 in
1368 2846 1404 2886 eo
1429 2824 1525 2888 officio

307 2950 448 2992 amorem
473 2931 682 3012 consequeris,
705 2931 734 2990 in
758 2950 822 3010 quo
846 2929 953 2993 odium
977 2931 1075 3018 uitare
1099 2929 1223 2992 difficile
1246 2940 1310 2992 est:
1337 2931 1394 2994 sed
1415 2942 1523 3004 tamen,

267 3053 292 3092 aa
308 3037 392 3108 mihi,
413 3038 523 3112 crede,
554 3037 649 3098 satius
673 3043 720 3097 est
745 3038 826 3098 uitae
850 3055 925 3098 suae
948 3037 1102 3098 rationem
1126 3057 1221 3116 quam
1246 3036 1394 3102 frumenti
1417 3036 1525 3120 publici

307 3162 409 3206 nosse.
454 3144 547 3205 istum
571 3143 665 3205 animi
688 3143 848 3223 uigorem,
877 3163 980 3204 rerum
1005 3145 1215 3206 maximarum
1240 3145 1485 3225 capacissimum,
1507 3147 1551 3204 al

366 3373 371 3384 ⁴
397 3372 410 3422 1
431 3371 549 3420 detinetur
570 3368 625 3422 Εἲς
647 3372 795 3420 destinetur
885 3373 966 3436 caliga
985 3370 1047 3424 olim
1067 3387 1154 3424 com:
1176 3373 1259 3436 caligo
1351 3373 1366 3426 2
1392 3375 1524 3424 consulatus

307 3457 470 3512 deteriores:
493 3461 646 3510 consulam*
753 3461 885 3525 peruadere
906 3458 1074 3514 Gronovius:
1096 3461 1203 3528 puudere
1311 3461 1327 3514 3
1353 3481 1428 3528 penos

306 3549 322 3598 4
343 3549 452 3598 antiochi
472 3549 531 3612 (anti
550 3548 577 3600 in
596 3554 665 3609 ras.)
756 3549 771 3600 5
797 3551 821 3598 ni
841 3567 885 3614 per
903 3547 972 3603 det:
994 3566 1068 3614 neper
1159 3549 1174 3602 6
1199 3557 1332 3615 reponetur
1353 3549 1379 3604 Ε
1387 3557 1406 3601 ¹:
1426 3568 1523 3616 repone

217 3698 220 3703 Ι
307 3645 370 3684 retur
442 3638 525 3685 ciuites
546 3639 619 3700 (arete
634 3652 761 3690 erasure:
780 3635 897 3690 duorum
916 3636 962 3691 uel
980 3638 1060 3690 trium
1074 3637 1234 3700 litterarum,
1254 3647 1284 3691 ut
1297 3639 1331 3693 de
1345 3641 1524 3691 ciuiumcinilas

307 3759 428 3829 copitare
441 3757 530 3824 liceat)
632 3768 780 3811 seruatorem
795 3764 944 3827 reIpublicae
956 3747 1085 3832 Maduiq:
1107 3770 1254 3814 seruatorem
1353 3765 1369 3818 7
1388 3727 1498 3814 abiuuene
1508 3781 1523 3811 s

307 3885 354 3932 diis
373 3859 547 3932 equoshonores
637 3883 795 3952 8nunquam
814 3888 899 3937 derunt
918 3891 978 3952 (nun
997 3887 1024 3939 in
1043 3889 1111 3954 ras.)
1213 3888 1298 3941 9uita
1317 3892 1421 3939 trudetur
1431 3885 1522 3941 Haase

307 3973 368 4036 (uita
388 3973 496 4022 cludetur
515 3969 677 4030 Pincianus:
705 3972 740 4042 cf.
761 3967 870 4029 pirron.
891 3980 923 4027 45
944 3976 979 4032 lh,
999 3977 1033 4025 sle
1052 3978 1102 4025 nita
1121 3976 1248 4044 truditur):
1276 3979 1326 4042 uite
1345 3979 1436 4028 nudetur

308 4112 339 4165 13
359 4067 426 4178 quoii
444 4112 484 4166 bis
513 4137 516 4144 ·
576 4113 608 4165 14
633 4115 682 4163 inte
701 4119 871 4166 conuerterisr
965 4120 1046 4166 satis*
1139 4117 1172 4170 16
1192 4121 1269 4170 inotio
1289 4121 1336 4187 (tio
1355 4127 1433 4180 corni

306 4252 387 4305 rei.P.
499 4254 530 4305 ,17
556 4255 613 4303 data
632 4264 667 4304 est
686 4251 815 4327 Madm'q:
836 4260 895 4308 data
913 4263 943 4309 sit
1003 4261 1008 4266 “
1051 4259 1085 4313 18
1110 4262 1179 4310 turbe
1289 4263 1322 4317 19
1346 4221 1429 4313 indolis

307 4342 404 4390 uiuidae
423 4357 519 4405 mergas
538 4339 647 4396 Haase:
669 4346 717 4394 uiui
737 4347 865 4412 demergas
954 4350 1016 4398 istud
1036 4348 1063 4418 (d
1082 4353 1164 4413 corr.)
1212 4332 1220 4346 ’
1256 4351 1288 4404 21
1310 4355 1422 4418 repositus
1438 4351 1475 4413 (re
1491 4348 1514 4400 in

306 4429 372 4494 ras.)
464 4429 496 4482 22
517 4435 542 4482 tn
562 4431 655 4498 (corr.)
746 4433 779 4488 23
799 4438 872 4486 ineo
891 4438 975 4487 officio
996 4436 1102 4492 Haase:
1123 4440 1148 4488 in
1167 4441 1252 4490 officio
