3184 5318
293 363 353 424 130
533 355 612 399 mnu
628 355 665 396 vr.
697 356 736 395 nn
752 355 893 396 urrunnu
911 355 950 394 os
966 351 1210 422 cousqumuoun.
1242 353 1271 394 ur.

289 525 352 566 non
377 514 425 566 est
449 505 536 584 quod
560 523 617 562 nos
640 499 843 582 suspiciamus
866 512 1030 584 tamquam
1046 505 1128 564 inter
1143 507 1250 561 nostra
1265 499 1378 581 positi:
1405 507 1501 559 mutua

289 611 476 691 accepimus.
523 629 596 671 usus
625 607 806 687 fructusque
838 617 946 692 noster
972 619 1035 683 est,
1067 609 1152 670 cuius
1176 616 1302 686 tempus
1326 605 1375 666 ille
1399 605 1501 666 arbiter

291 720 427 780 muneris
458 717 503 777 sui
535 724 711 797 temperat:
746 735 804 777 nos
836 725 964 798 oportet
996 717 1025 776 in
1056 723 1207 796 promptu
1238 713 1356 774 habere
1380 713 1502 792 quaein

291 826 443 910 incertum
487 825 572 886 diem
609 821 685 908 data
720 832 792 884 sunt
831 830 862 884 et
901 822 1079 902 adpellatos
1109 822 1175 883 sine
1205 819 1343 902 querella
1373 819 1502 880 reddere.
1580 818 1581 900 l

265 931 417 1014 spessimi
456 927 607 991 debitoris
645 937 694 989 est
733 928 880 990 creditori
918 927 1021 990 facere
1056 927 1241 989 conuicium.
1287 946 1398 988 omnes
1436 946 1503 1006 ergo
1518 935 1529 983 :i
1577 903 1581 958 ⁴3

291 1046 433 1110 nostros,
465 1045 497 1098 et
520 1055 600 1114 quos
623 1037 807 1116 superstites
829 1034 901 1116 lege
925 1035 1074 1096 nascendi
1096 1043 1243 1115 optamus
1267 1041 1299 1094 et
1322 1053 1402 1112 quos
1418 1053 1502 1114 ,prae-

292 1145 404 1205 cedere
428 1143 630 1204 iustissimum
654 1143 793 1222 ipsorum
818 1152 928 1204 uotum
953 1152 1016 1218 est,
1045 1143 1090 1204 sic
1112 1162 1218 1202 amare
1242 1141 1410 1213 debemm,
1435 1149 1503 1201 tam-

291 1271 387 1331 quam
411 1249 484 1312 nihil
505 1248 600 1322 nobis
624 1249 664 1309 de
680 1250 899 1329 perpetuitate,
922 1250 1022 1310 immo
1038 1247 1113 1309 nihil
1130 1250 1171 1310 de
1188 1247 1389 1309 diuturnitate
1406 1267 1504 1307 eorum

291 1359 481 1440 promissum
506 1357 553 1417 sit.
597 1375 692 1437 saepe
716 1357 937 1417 admonendus
960 1365 1008 1418 est
1031 1357 1160 1429 animus,
1184 1363 1271 1416 amet
1293 1363 1328 1415 ut
1351 1373 1505 1426 recessura,

254 1479 277 1518 ¹⁰
291 1465 391 1525 immo
423 1471 586 1544 tamquam
611 1464 797 1526 recedentia.
843 1463 995 1544 quidquid
1018 1485 1036 1524 a
1060 1462 1185 1524 sortuna
1208 1462 1318 1523 datum
1341 1457 1406 1534 est,
1436 1468 1505 1520 tam-

293 1591 387 1652 quam
420 1568 603 1652 exemplum
636 1570 677 1631 ab
700 1577 828 1631 auctore
859 1570 1029 1652 possideat.
1075 1571 1175 1652 rapite
1206 1589 1247 1630 ex
1280 1567 1384 1629 liberis
1407 1566 1531 1647 uolup-l
1581 1555 1582 1604 Ὗ

293 1685 393 1750 tates,
425 1675 574 1737 fruendos
605 1697 663 1737 uos
693 1677 826 1737 inuicem
857 1675 960 1750 liberis
992 1677 1067 1737 date
1098 1685 1129 1736 et
1160 1677 1227 1736 sine
1251 1674 1399 1737 dilatione
1422 1693 1506 1734 omne

294 1785 443 1862 gaudium
467 1783 595 1844 haurite.
632 1782 706 1844 nibil
729 1785 770 1844 de
793 1783 946 1845 hodierna
969 1792 1063 1844 nocte
1086 1763 1287 1865 promittitur.
1318 1782 1408 1842 nimis
1429 1800 1505 1859 mag-

294 1911 366 1951 nam
407 1890 650 1950 aduocationem
682 1891 774 1950 dedi:
816 1888 890 1951 nihil
922 1891 963 1951 de
993 1889 1053 1952 hac
1085 1889 1172 1951 hora.
1219 1887 1429 1950 festinandum
1459 1896 1506 1947 est.

256 2011 279 2050 ¹⁵
293 1998 426 2057 instatur
449 2018 467 2057 a
490 2004 600 2076 tergo:
635 1997 697 2057 iam
729 1995 885 2058 disicietur
915 1997 974 2058 iste
1005 1997 1190 2069 comitatu5‚
1220 1997 1282 2056 iam
1316 1995 1508 2057 contubernia

293 2104 352 2164 ista
375 2102 501 2164 sublato
525 2101 664 2164 clamore
687 2102 856 2165 soluentur.
901 2103 1008 2184 rapina
1031 2123 1134 2164 rerum
1160 2103 1300 2162 omnium
1326 2110 1389 2162 est:
1416 2101 1508 2161 miseri

294 2211 417 2270 nescitis
442 2209 472 2270 in
495 2207 570 2290 suga
593 2209 705 2271 uiuere.
744 2210 770 2270 si
794 2218 954 2271 mortuum
978 2209 1035 2271 tibi
1050 2208 1147 2271 filium
1165 2208 1264 2282 doleS,
1288 2209 1353 2270 eius
1370 2208 1508 2287 temporis
1524 2205 1535 2250 5·

294 2337 358 2397 quo
382 2325 473 2377 natus
497 2325 545 2377 est
568 2317 686 2378 crimen
710 2325 766 2377 est.
814 2337 900 2378 mors
924 2316 1006 2377 enim
1031 2315 1070 2376 illi
1095 2317 1278 2378 denuntiata
1301 2315 1437 2377 nascenti
1459 2322 1507 2374 et.
1582 2335 1583 2346 ¹

293 2423 324 2482 in
355 2421 438 2482 hanc
467 2420 571 2502 legem
595 2431 686 2484 natus
710 2431 767 2484 est.
812 2422 875 2484 hoc
903 2421 989 2484 illum
1013 2422 1112 2484 satum
1137 2423 1178 2483 ab
1202 2432 1293 2484 utero
1317 2423 1421 2483 statim
1444 2441 1507 2502 pro-

254 2529 492 2610 insequebatur.
529 2531 559 2590 in
583 2549 716 2609 regnum
740 2527 884 2591 fortunae
907 2538 939 2590 et
962 2531 1090 2609 quidem
1115 2531 1229 2592 durum
1253 2539 1350 2610 atque
1372 2530 1507 2590 inuictum
1524 2527 1535 2572 l

294 2636 502 2717 peruenimus,
525 2635 603 2697 illius
626 2635 754 2698 arbitrio
778 2637 877 2717 digna
899 2644 994 2717 atque
1017 2637 1145 2717 indigna
1168 2637 1295 2718 passuri.
1338 2635 1509 2717 corporibus

229 2771 232 2784 ι
294 2743 409 2804 nostris
432 2743 619 2823 inpotenter,
644 2742 887 2817 contumeliose,
912 2743 1080 2805 crudeliter
1103 2743 1270 2805 abutetur:
1298 2742 1376 2806 alios
1398 2743 1508 2824 ignibus

294 2859 421 2930 peruret
452 2849 501 2910 uel
532 2850 562 2910 in
594 2869 732 2931 poenam
764 2850 904 2911 admotis
928 2850 977 2911 uel
1001 2851 1031 2911 in
1055 2851 1239 2912 remedium.
1286 2849 1366 2912 alios
1389 2849 1506 2911 uinciet:
1583 2843 1584 2864 ¹

295 2957 327 3016 id
357 2977 438 3017 nunc
469 2956 553 3018 hosti
583 2954 704 3030 licebit,
737 2976 819 3018 nunc
849 2956 916 3020 ciui.
962 2956 1040 3019 alios
1070 2977 1127 3038 per
1156 2957 1275 3019 incerta
1298 2958 1402 3019 nudos
1425 2955 1510 3018 maria

255 3073 281 3113 2⁵
295 3062 423 3128 iactabit
454 3061 644 3138 etluctatos
668 3083 739 3124 cum
764 3062 908 3124 fluctibus
931 3083 972 3125 ne
994 3064 1025 3124 in
1047 3064 1199 3126 harenam
1223 3063 1354 3146 quidem
1378 3051 1429 3125 aut
1449 3061 1511 3123 litus

296 3168 458 3251 explodet,
483 3169 540 3229 sed
563 3169 593 3228 in
617 3167 742 3230 alicuius
765 3171 927 3231 inmensae
950 3180 1094 3238 uentrem
1119 3169 1231 3232 beluae
1247 3171 1416 3232 decondet.
1444 3167 1510 3230 alios

297 3435 312 3486 3
333 3449 396 3498 quae
415 3434 440 3480 in
458 3433 577 3481 incertum
598 3431 747 3486 deteriores
760 3433 862 3502 pauci:
883 3452 930 3500 que
949 3435 1044 3486 incerti]
1132 3434 1148 3486 i
1169 3434 1306 3500 appellatos
1395 3431 1510 3486 {iustissi-

298 3539 364 3571 mum
384 3518 484 3590 uulpo:
505 3522 647 3570 iustissimus
738 3531 820 3571 uotum
841 3536 913 3575 eurr.
933 3521 1043 3578 iudet:
1059 3525 1129 3574 uoltu
1220 3522 1335 3574 8nichil
1424 3521 1510 3574 iamet

297 3616 322 3659 ut
340 3626 464 3660 recessura
488 3625 558 3661 uuus
582 3608 748 3662 deteriorum
773 3626 861 3663 cern:
890 3618 971 3661 ametu
997 3612 1040 3660 ire.
1060 3629 1156 3661 cessura
1260 3611 1295 3663 10
1320 3613 1434 3676 quicquid

303 3699 330 3749 ll
357 3697 494 3761 exemplum
521 3705 619 3746 auctore
644 3696 703 3750 eod.
724 3701 861 3762 exemplum
887 3701 919 3747 ab
939 3705 1039 3750 auctore
1063 3699 1186 3770 lipsius,
1212 3699 1289 3768 quod
1313 3700 1372 3769 ipse
1393 3699 1509 3764 iuterpre-

299 3791 373 3838 tatur
388 3783 476 3838 ‘lrabes
489 3801 506 3836 a
515 3783 647 3851 fortuna?
667 3785 797 3838 etcertum
818 3794 842 3840 et
858 3785 952 3855 sepau
971 3804 1030 3840 esse
1049 3787 1083 3840 ab
1102 3788 1162 3858 epse
1176 3784 1272 3851 disce';
1291 3795 1418 3854 exceptum
1430 3785 1510 3834 auctori

301 3870 454 3926 Gronovius
473 3879 586 3936 exempto
600 3880 699 3923 auctore
712 3871 826 3944 Medutq
899 3873 1024 3939 possideat
1044 3875 1071 3928 E
1076 3879 1100 3926 ²:
1122 3879 1250 3941 possideas
1268 3875 1329 3930 eod.
1349 3875 1399 3928 sed
1414 3870 1510 3926 martelle

296 3976 433 4029 personae
456 3959 577 4029 probari
604 3962 710 4029 aequin
743 3967 859 4032 apparet
882 3962 950 4017 haec
975 3963 1013 4018 ad
1036 3965 1155 4018 aretinum
1186 3963 1337 4034 referenda
1363 3980 1419 4018 esse

301 4049 332 4100 ’13
358 4049 435 4098 nichil
548 4049 575 4098 iz'·
601 4055 650 4098 iarn
677 4051 800 4100 disicietur
826 4051 884 4105 eod.
904 4050 955 4104 sed
977 4055 1027 4102 iam
1049 4052 1177 4123 plerique
1202 4052 1266 4107 dett.
1381 4053 1408 4104 ii
1426 4049 1510 4099 nescitis

691 4149 704 4174 ii

306 4191 314 4237 i
333 4191 391 4254 iuga
410 4190 429 4255 (i
449 4189 533 4252 corr.)
623 4196 707 4241 mortu
727 4189 795 4256 eorl,
815 4190 849 4244 de
868 4209 922 4261 que
934 4192 1074 4246 scribendi
1084 4195 1191 4247 ratione
1206 4193 1242 4263 ef.
1262 4192 1411 4250 Brambeelr
1426 4187 1508 4245 Ortio-

298 4276 395 4346 praplr.
417 4293 447 4346 p.
468 4279 501 4328 92
522 4279 548 4328 et
566 4292 636 4344 quae
654 4280 712 4347 ipse
731 4277 871 4348 disputaret
883 4279 978 4350 plze'tot.
1000 4285 1049 4343 33,
1074 4301 1102 4353 p.
1123 4287 1191 4341 704;
1219 4284 1274 4337 iam
1295 4281 1378 4336 multa
1396 4274 1508 4346 curnula

300 4369 471 4416 accesserunt
496 4364 523 4416 in
549 4362 637 4416 indice
658 4363 709 4418 ear·
727 4364 954 4422 Studemundr‘aui
1049 4373 1076 4424 lii
1102 4379 1172 4422 natus
1192 4371 1300 4426 Haase:
1323 4375 1391 4422 datus
1410 4366 1461 4422 end.
1477 4369 1508 4412 esi

301 4451 364 4504 edd.
387 4437 467 4504 Gertz
559 4451 592 4504 ‘ei
612 4469 701 4516 penam
790 4459 878 4506 uinciet
899 4461 932 4524 (et
952 4458 979 4510 tu
999 4462 1065 4525 rus.)
