3212 5318
302 312 365 372 226
513 305 592 345 mat.
604 304 632 346 X.
661 304 703 344 AD
719 303 873 344 PAVLINVM
890 287 1114 342 Ds'uksvit'ni'e
1128 303 1227 346 VITAE.
1256 305 1311 346 15.

300 450 575 513 subnascebantur.
620 448 704 511 uelut
727 468 824 528 graue
848 445 949 510 multo
973 449 1124 528 sanguine
1147 468 1262 529 corpus
1285 457 1375 530 parte
1399 467 1520 528 semper

300 558 404 640 aliqua
432 557 637 639 rumpebatur
691 559 797 635 itaque
821 555 921 617 otium
945 555 1088 635 optabat.
1133 557 1164 617 in
1188 555 1278 618 huius
1301 577 1359 638 spe
1383 565 1417 616 et
1439 557 1518 636 cogi-

300 667 419 726 tatione
449 664 574 726 labores
605 663 670 725 eius
701 662 889 724 residebant.
937 662 1000 724 hoc
1030 670 1140 724 uotum
1172 672 1240 725 erat
1271 663 1351 738 eius,
1383 664 1436 744 qui
1462 663 1520 724 uoti

301 779 456 852 conpotes
479 769 583 832 iacere
605 777 740 850 poterat.
1476 830 1481 838 ¹

275 899 286 936 a
390 877 430 938 V.
469 878 594 939 Marcus
618 874 729 937 Cicero
753 877 833 936 inter
850 873 1008 950 Catilinas,
1034 875 1164 938 Clodios
1188 879 1320 938 iactatus
1341 877 1543 958 Pompeios-l
1590 917 1591 922 κ

301 1005 362 1068 que
386 994 418 1047 et
440 983 579 1058 Crassos,
602 983 716 1064 partim
742 981 923 1044 manifestos
947 984 1096 1058 inimicos,
1120 986 1234 1065 partim
1259 983 1374 1045 dubios
1398 977 1521 1058 amicos,
1590 1051 1591 1069 χ

302 1093 378 1154 dum
402 1091 570 1152 fluctuatur
593 1110 664 1151 cum
690 1089 849 1170 republica
872 1097 904 1150 et
927 1089 1012 1150 illam
1035 1111 1163 1171 pessum
1188 1099 1315 1152 euntem
1339 1099 1445 1165 tenet,
1473 1113 1520 1152 no-

302 1198 426 1260 uissime
464 1197 637 1271 abductus,
675 1216 734 1256 nec
772 1196 916 1257 secundis
954 1197 1047 1258 rebus
1078 1199 1201 1278 quietus
1232 1216 1291 1259 nec
1321 1198 1521 1259 aduersarum
1590 1213 1591 1248 1

301 1305 438 1385 patiens,
469 1305 615 1385 quotiens
645 1302 731 1364 illum
763 1303 864 1382 ipsum
896 1302 1093 1366 consulatum
1125 1325 1216 1365 suum
1244 1305 1399 1378 nonsine
1423 1325 1521 1379 eausa,

263 1413 357 1472 used
389 1414 454 1473 sine
486 1411 548 1472 tine
572 1411 732 1472 laudatum
757 1409 952 1471 detestatur?
991 1431 1087 1491 quam
1112 1410 1231 1472 flebiles
1257 1431 1352 1472 uoces
1376 1412 1546 1492 exprimit‘.l
1590 1431 1591 1462 1

300 1523 331 1581 in
354 1519 493 1599 quadam
517 1519 558 1578 ad
582 1517 727 1578 Atticum
753 1515 886 1596 epistula
909 1517 971 1577 iam
995 1517 1080 1577 uicto
1104 1525 1193 1596 patre
1216 1517 1389 1597 Pompei0,
1423 1516 1521 1578 adhuc

300 1623 363 1685 filio
395 1625 425 1686 in
449 1624 602 1705 Hispania
632 1622 731 1684 fracta
754 1641 843 1683 arma
865 1620 1047 1684 refouente?
1080 1622 1161 1701 quid
1180 1642 1295 1702 agam,
1330 1625 1445 1704 inquit,
1478 1623 1522 1684 liic

302 1731 455 1810 quaeris?
478 1749 587 1790 iiioror
607 1729 640 1788 in
671 1728 847 1788 Tusculano
871 1749 939 1788 ineo
961 1728 1130 1789 semiliber.
1167 1728 1227 1790 alia
1251 1729 1400 1810 deinceps
1425 1731 1520 1804 adicit,

301 1837 413 1918 quibus
445 1846 476 1898 et
506 1837 644 1916 priorem
675 1843 813 1896 aetatem
844 1835 1011 1914 conplorat
1035 1843 1066 1896 et
1090 1837 1131 1897 de
1153 1837 1310 1916 praesenti
1333 1840 1474 1916 queritur
1494 1846 1520 1898 et

265 1961 287 1998 15
302 1946 343 2006 de
365 1944 468 2005 futura
492 1944 647 2023 desperat.
695 1940 907 2002 semiliberum
930 1961 965 2002 se
988 1943 1069 2004 dixit
1093 1941 1222 2004 Cicero:
1250 1951 1284 2004 at
1307 1963 1360 2004 me
1383 1944 1545 2006 hercules3

294 2071 473 2132 numquam
506 2051 629 2130 sapiens
654 2049 682 2108 in
707 2057 773 2109 tam
798 2047 915 2109 humile
938 2068 1054 2109 nomen
1078 2051 1247 2130 procedet,
1279 2071 1454 2131 numquam
1477 2071 1518 2111 se·
1590 2103 1591 2108 ,

302 2157 424 2221 miliber
447 2158 521 2230 erit,
553 2157 694 2236 integrae
715 2175 843 2236 semper
866 2154 1018 2216 libertatis
1043 2164 1074 2216 et
1098 2156 1234 2230 solidae,
1265 2156 1403 2232 solutus,
1427 2166 1460 2218 et
1480 2157 1519 2218 sui
1590 2197 1591 2200 κ

301 2264 372 2326 iuris
409 2271 441 2325 et
478 2261 569 2324 altior
600 2263 719 2325 ceteris
755 2247 841 2341 ¹quid
873 2262 955 2322 enim
987 2281 1081 2341 supra
1111 2282 1183 2323 eum
1215 2270 1323 2342 potest
1354 2283 1440 2338 esse,
1475 2264 1519 2342 qui

303 2391 397 2451 supra
420 2369 579 2431 fortunam
603 2372 668 2431 est?

248 2487 287 2531 ‘ro
392 2475 446 2535 Vl.
494 2475 598 2537 Liuius
621 2475 756 2548 Drusus,
781 2475 826 2534 uir
849 2494 921 2536 acer
944 2484 977 2536 et
999 2474 1187 2549 uehemens,
1220 2495 1292 2536 cum
1316 2474 1404 2555 leges
1427 2485 1543 2542 nouasl
1590 2511 1591 2536 1

303 2590 335 2643 et
359 2581 441 2643 mala
466 2581 651 2644 Gracchana
674 2583 843 2656 mouisset,
874 2582 1008 2661 stipatus
1031 2582 1148 2661 ingenti
1172 2583 1267 2644 totius
1291 2581 1400 2644 ltaliae
1424 2591 1516 2654 coetu,

302 2690 423 2749 exitum
456 2709 558 2749 rerum
590 2709 653 2749 non
685 2690 868 2768 peruidens,
907 2708 984 2769 quas
1015 2709 1073 2750 nec
1105 2709 1200 2770 agere
1230 2688 1344 2750 licebat
1375 2709 1433 2750 nec
1462 2689 1517 2750 iam

302 2793 434 2856 liberum
468 2803 534 2855 erat
565 2794 664 2855 semel
694 2787 857 2856 incohatas
889 2794 1076 2876 relinquere,
1110 2804 1275 2857 execratus
1307 2796 1474 2876 inquietam
1502 2815 1518 2854 a
1590 2855 1591 2858 ,

302 2901 481 2982 primordiis
514 2903 611 2963 uitam
644 2903 756 2962 dicitur
785 2901 920 2962 dixisse:
956 2904 1006 2962 uni
1039 2902 1097 2962 sibi
1120 2923 1160 2962 ne
1183 2923 1281 2982 puero
1305 2903 1433 2982 quidem
1455 2921 1516 2961 um-

263 3027 288 3065 as
303 3029 398 3091 quam
438 3006 529 3069 ferias
568 3008 745 3088 contigisse.
800 3027 892 3069 ausus
933 3016 981 3069 est
1014 3009 1096 3068 enim
1130 3015 1162 3068 et
1193 3008 1328 3088 pupillus
1360 3009 1517 3096 adhuc‘et

301 3123 521 3196 praetextatus
557 3115 710 3176 iudicibus
745 3135 816 3175 reos
852 3115 1079 3176 commendare
1110 3124 1141 3176 et
1172 3118 1306 3194 gratiam
1338 3135 1426 3177 suam
1455 3113 1516 3175 soro

301 3223 501 3304 interponere
525 3231 591 3284 tam
616 3221 782 3284 efficaciter
806 3223 943 3302 quidem,
967 3231 1000 3283 ut
1024 3219 1181 3302 quaedam
1204 3223 1315 3283 iudicia
1339 3230 1459 3284 constet
1479 3220 1516 3281 ab
1590 3285 1591 3288 ,

303 3329 357 3390 illo
388 3337 485 3410 rapta.
532 3349 596 3411 quo
627 3349 691 3389 non
722 3337 900 3409 erumperet
923 3337 989 3390 tam
1013 3331 1170 3390 inmatura
1193 3329 1347 3390 ambitio?
1380 3330 1468 3391 scires
1487 3327 1515 3386 in
1531 3333 1544 3383 ‘2

302 3435 423 3497 malum
448 3437 557 3516 ingens
581 3446 613 3498 et
636 3437 793 3517 priuatum
817 3444 849 3496 et
873 3434 1031 3514 publicum
1049 3453 1213 3496 euasuram
1230 3444 1297 3496 tarn
1314 3452 1515 3516 praecoquem

302 3597 513 3604 μ

260 3756 261 3760 Ἰ
303 3701 317 3752 1
345 3706 414 3766 parte
438 3716 534 3764 semper
559 3701 639 3764 aliqua
664 3701 822 3766 rumpebatur
843 3696 1010 3752 Gronouius:
1038 3707 1119 3764 partes
1143 3715 1214 3763 semp
1239 3699 1322 3764 aliqua
1347 3697 1388 3765 (ua
1412 3697 1438 3748 in
1454 3693 1512 3761 ras.)

301 3842 433 3907 ntpebanr'
536 3841 551 3893 l
571 3849 698 3907 compotes
721 3913 725 3922 ἢ
789 3841 804 3894 i
824 3843 909 3894 cs1.R.
924 3846 949 3893 P.
1042 3842 1072 3892 11
1094 3785 1300 3906 inquadaairucn
1391 3840 1421 3892 13
1443 3837 1512 3902 queris

390 3933 533 3980 semiliber
553 3931 647 4002 (prior
667 3934 674 3979 1
693 3931 720 3983 in
740 3933 806 3990 ras.)
899 3930 930 3982 14
954 3933 1059 3995 queritur
1157 3930 1189 3982 16
1214 3931 1328 3998 procidet
1350 3927 1436 3983 Haase

303 4020 334 4074 18
359 4023 472 4086 supMeu
500 4019 626 4089 (praeter
644 4037 671 4070 su
695 4019 808 4084 iuras.)
935 4021 969 4070 20
992 4037 1049 4068 acer
1068 4032 1090 4070 er
1111 4019 1236 4088 (procur
1255 4037 1269 4068 a
1289 4018 1315 4069 iu
1336 4022 1401 4082 ras.)

300 4145 333 4198 21
359 4147 486 4210 grachana
595 4119 695 4208 stipatus
714 4146 806 4207 ingenti
915 4154 967 4208 cetu
1066 4144 1099 4196 22
1119 4145 1201 4212 agere]
1220 4153 1280 4196 erat
1299 4159 1359 4196 cum
1378 4140 1507 4195 corianam
1590 4143 1591 4178 ἶ

302 4251 419 4298 peragere
437 4231 476 4286 ad
494 4230 647 4301 eaempium
669 4229 742 4284 Liuii
759 4235 800 4294 42,
820 4237 848 4284 15
867 4235 1033 4298 peragendum
1054 4235 1186 4299 inceptum,
1206 4233 1256 4286 sed
1274 4233 1338 4287 uide
1356 4247 1413 4302 epp.
1427 4232 1463 4288 59,
1480 4225 1505 4276 ¹3

301 4330 324 4372 et
343 4326 441 4388 incepta
461 4337 533 4385 agere
552 4323 715 4386 perseuerauit
823 4321 856 4374 23
877 4325 1005 4372 inchoatas
1025 4325 1083 4388 (cho
1102 4323 1130 4374 in
1149 4326 1216 4386 ras.)
1325 4323 1358 4376 26
1380 4319 1508 4385 pretextatus

390 4412 423 4464 29
443 4418 493 4461 tam
513 4426 677 4476 praecoquem
700 4410 859 4464 Pincianus:
880 4428 1029 4476 precoquem
1073 4405 1076 4412 ⁴
