3184 5318
479 967 509 1034 u.
540 965 682 1034 ruurur
713 965 878 1034 suuncio

272 1115 711 1212 DlALOGORVM
751 1115 947 1210 LIBER
980 1114 1083 1210 Vll.

542 1305 590 1354 no
610 1303 816 1356 cnccroucn

508 1426 555 1484 nu
587 1399 844 1482 vrm'amm.

26 1689 28 1740 1
66 1711 72 1762 1
159 1699 178 1760 l.
210 1667 336 1772 Viuere,
352 1695 454 1760 Gallio
478 1695 580 1772 irater,
604 1716 716 1760 omnes
739 1697 834 1760 beate
855 1696 972 1772 uolunt,
996 1698 1053 1760 sed
1069 1699 1109 1761 ad
1126 1696 1288 1780 peruiden-

26 1867 27 1878 ,
87 1807 154 1878 dum,
176 1805 248 1887 quid
271 1805 310 1866 sit
333 1806 420 1886 quod
444 1804 571 1867 beatam
596 1804 692 1866 uitam
717 1803 843 1878 efficiat,
867 1803 1009 1884 caligant.
1056 1806 1202 1885 adeoque
1226 1824 1289 1866 non

26 1903 27 1958 l
87 1920 122 1972 est
148 1911 230 1974 lacile
261 1912 410 1993 consequi
440 1910 568 1972 beatam
599 1911 712 1986 uitam,
745 1920 779 1973 ut
810 1931 849 1972 eo
880 1912 1011 1992 quisque
1040 1909 1081 1972 ab
1105 1931 1143 1972 ea
1165 1909 1290 1990 longius

26 2007 27 2010 ¹
86 2019 208 2093 recedat,
239 2038 303 2099 quo
335 2019 376 2080 ad
398 2016 481 2080 illam
506 2017 690 2080 concitatius
715 2016 825 2091 lertur,
857 2017 882 2078 si
906 2018 955 2079 uia
979 2015 1173 2099 lapsusest:
1208 2036 1289 2097 quae

86 2121 126 2183 ubi
151 2123 178 2184 in
201 2125 390 2186 contrarium
414 2124 515 2200 ducit,
544 2125 612 2206 ipsa
635 2122 784 2186 uelocitas
809 2125 933 2186 maioris
957 2122 1107 2186 interualli
1130 2143 1223 2184 causa
1246 2122 1316 2184 fita

84 2217 306 2311 proponendum
330 2240 379 2320 est
401 2232 506 2314 itaque
529 2231 678 2313 primum,
701 2230 777 2312 quid
800 2231 839 2292 sit
862 2231 950 2310 quod
974 2230 1169 2312 adpetamus.
1215 2239 1289 2292 tunc

85 2335 382 2418 circumspiciendum,
405 2357 468 2418 qua
492 2337 685 2400 contendere
709 2335 761 2397 illo
786 2334 945 2398 celerrime
962 2337 1128 2419 possimus,
1151 2335 1287 2398 intellec-

26 2489 27 2498 .
84 2444 130 2503 turi
157 2444 184 2504 in
214 2445 283 2526 ipso
307 2445 433 2518 itinere,
465 2444 490 2506 si
514 2444 613 2505 modo
645 2452 764 2504 rectum
797 2443 870 2516 erit,
902 2451 1053 2523 quantum
1078 2441 1193 2503 cotidie
1215 2463 1287 2524 pro-

85 2529 187 2628 ligetur
215 2559 398 2632 quantoque
428 2550 557 2631 propius
588 2549 628 2611 ab
661 2569 700 2611 eo
733 2549 844 2624 simus,
877 2549 918 2611 ad
942 2550 1030 2630 quod
1053 2569 1112 2612 nos
1135 2549 1288 2629 cupiditas

62 2655 210 2719 traturalis
242 2657 367 2738 inpellit.
413 2658 564 2737 quamdiu
595 2656 724 2737 quidem
755 2657 872 2736 passim
904 2676 1055 2736 uagamur
1086 2674 1149 2716 non
1174 2659 1288 2718 ducem
1307 2671 1328 2711 ιο

84 2764 164 2824 secuti
191 2765 247 2825 sed
278 2762 436 2826 fremitum
462 2772 493 2825 et
517 2761 688 2826 clamorem
714 2762 875 2824 dissonum
900 2763 929 2822 in
954 2762 1076 2824 diuersa
1100 2763 1288 2836 uocantium,

83 2877 242 2932 conteretur
270 2871 335 2931 uita
357 2871 437 2932 inter
460 2890 581 2932 errores
604 2868 724 2944 breuis,
755 2869 875 2932 etiamsi
900 2869 966 2930 dies
988 2877 1161 2950 noctesque
1184 2867 1287 2930 bonae

83 2977 162 3036 menti
183 2976 380 3038 laboremus:
408 2979 595 3041 decernatur
618 2977 731 3058 itaque,
755 2985 787 3038 et
810 2995 874 3057 quo
898 2976 1066 3038 tendamus
1082 2983 1113 3036 et
1129 2996 1200 3057 qua,
1223 2995 1287 3036 non

83 3081 134 3144 sine
161 3084 260 3166 perito
291 3083 412 3165 aliquo,
451 3084 498 3145 cui
529 3082 696 3166 explorata
726 3083 786 3145 sint
818 3103 870 3158 ea,
909 3082 939 3143 in
969 3102 1050 3163 quae
1080 3081 1288 3163 procedimus,

82 3189 210 3264 quoniam
242 3189 371 3270 quidem
395 3211 459 3251 non
484 3190 596 3253 eadem
620 3189 671 3252 hic
693 3209 774 3272 quae
797 3190 826 3250 in
851 3188 962 3251 ceteris
985 3187 1288 3270 peregrinationibus
1304 3203 1327 3244 1⁵

82 3295 206 3356 condicio
229 3305 294 3358 est:
322 3295 431 3358 inillis
456 3316 647 3379 conprensus
671 3295 779 3378 aliquis
803 3295 892 3358 limes
916 3303 948 3357 et
970 3293 1151 3376 interrogati
1168 3295 1288 3358 incolae

81 3417 132 3460 non
153 3402 308 3483 patiuntur
332 3422 442 3465 errare.
482 3411 515 3464 at
538 3402 588 3465 hic
611 3403 772 3466 tritissima
794 3421 937 3482 quaeque
961 3401 1011 3462 uia
1034 3409 1066 3463 et
1086 3399 1289 3464 celeberrima

57 3507 202 3570 tmaxime
238 3509 362 3590 decipit.
410 3508 484 3571 nihil
521 3528 598 3589 ergo
630 3510 731 3589 magis
762 3508 987 3592 praestandum
1024 3517 1088 3583 est,
1123 3529 1218 3589 quam
1248 3527 1287 3569 ne

80 3630 212 3688 pecorum
236 3616 295 3678 ritu
319 3635 488 3696 sequamur
510 3618 765 3678 antecedentium
789 3633 929 3696 gregem,
952 3622 1120 3694 pergentes
1144 3635 1208 3676 non
1224 3635 1287 3695 quo

81 3719 199 3781 eundum
230 3729 294 3796 est,
326 3722 383 3784 sed
411 3741 475 3802 quo
498 3722 566 3786 itur.
613 3723 699 3804 atqui
722 3719 805 3783 nulla
835 3740 883 3782 res
915 3739 973 3781 nos
1006 3721 1174 3783 maioribus
1198 3720 1286 3782 malis
1302 3735 1327 3775 ro

80 3821 196 3902 inplicat,
218 3847 314 3908 quarn
338 3828 425 3909 quod
449 3829 490 3888 ad
513 3847 673 3890 rumorem
690 3828 906 3908 conponimur,
930 3828 1053 3907 optima
1068 3828 1126 3889 rati
1142 3848 1186 3902 ea,
1207 3841 1286 3908 quae

80 3945 181 4009 magno
210 3933 344 3996 adsensu
378 3942 504 4016 recepta
535 3943 607 3997 sunt
639 3934 789 4014 quodque
814 3932 963 4012 exempla
987 3943 1050 4012 pro
1074 3932 1165 3995 bonis
1189 3931 1287 3994 multa

80 4068 272 4084 Q...-

79 4153 201 4209 2elficia*
301 4160 318 4214 6
337 4166 481 4227 appetamus
500 4161 590 4231 (prior
610 4179 626 4227 p
645 4159 728 4227 corr)
841 4159 856 4212 9
875 4165 1018 4226 quantem*
1121 4160 1220 4226 propius
1239 4158 1286 4226 (ius

78 4242 174 4314 iuras.)
280 4250 310 4303 11
331 4252 407 4300 secuti
426 4251 485 4318 (cuti
504 4250 531 4303 in
551 4250 619 4317 ras.)
725 4249 755 4301 12
775 4254 911 4313 noctesq;*
1021 4247 1053 4301 14
1073 4250 1176 4314 aliquos

78 4329 104 4383 16
121 4350 255 4401 conpressus
275 4337 367 4409 (prior
385 4354 397 4387 s
416 4336 526 4393 uidetur
544 4353 583 4392 erc
601 4356 617 4388 n
636 4339 720 4404 corr.)
811 4338 842 4391 21
864 4339 1036 4402 componimur
1131 4335 1165 4389 22
1189 4351 1287 4385 assensu
1358 4385 1360 4392 ,

78 4417 109 4484 (²⁸
124 4421 150 4476 in
167 4428 229 4492 ras.)
337 4443 384 4493 pro
403 4428 475 4478 bonis
495 4425 642 4481 Erasmus:
662 4428 735 4478 bonis
