3212 5326
284 321 325 382 92
661 315 740 358 blan.
756 318 782 360 V.
812 317 918 358 DEIRA
934 317 1045 360 ulain.
1075 319 1128 360 ta.

282 459 450 524 tristitiam.
496 481 574 542 ergo
598 465 740 525 actiones
771 473 900 526 nostrae
924 484 983 526 nec
1005 483 1122 544 paruae
1145 464 1207 524 sint
1235 481 1293 522 nec
1316 460 1454 521 audaces
1476 466 1506 519 et
1600 455 1601 500 ἶ

282 568 443 647 inprobae.
497 571 528 629 in
559 570 696 631 uicInum
727 589 801 650 spes
833 581 937 634 exeat.
981 569 1073 632 nihil
1097 587 1264 641 conemur,
1301 566 1391 646 quod
1431 583 1505 625 mox

282 669 393 754 adepti
414 695 541 756 quoque
563 679 752 738 successisse
775 679 931 738 mIremur.

372 779 455 841 VIII.
495 781 617 843 Demus
648 802 796 862 operam,
836 803 876 844 ne
906 785 1097 863 accipiamus
1127 784 1285 853 Iniuriam,
1324 781 1400 860 quia
1430 776 1535 839 terret

255 887 447 947 suescimus.
478 908 549 948 cum
573 888 787 968 placidissimo
807 899 840 951 et
862 888 1010 952 facillimo
1034 898 1067 950 et
1089 890 1219 950 minime
1242 887 1337 949 anxio
1362 905 1506 947 moroso-

282 1009 344 1071 que
382 993 551 1054 uiuendum
590 1005 647 1056 est.
693 1003 857 1056 sumuntur
894 1017 914 1056 a
956 993 1215 1056 conuersantibus
1258 1011 1365 1053 mores
1405 999 1440 1053 et
1476 1001 1508 1051 ut

281 1099 440 1176 quaedam
464 1101 494 1160 in
518 1109 684 1163 contactos
708 1105 850 1181 corporis
873 1105 948 1164 uitia
971 1101 1163 1174 transiliunt,
1193 1101 1238 1161 ita
1269 1101 1394 1160 animus
1428 1095 1508 1160 mala

281 1224 337 1264 sua
360 1209 524 1283 proxumis
547 1210 652 1270 tradit.
689 1209 832 1270 ebriosus
855 1211 1054 1270 conuictores
1077 1211 1108 1268 in
1131 1225 1275 1269 amorem
1299 1207 1378 1266 meri
1402 1206 1537 1266 traxitt

280 1312 499 1389 inpudicorum
524 1325 634 1376 coetus
657 1312 773 1376 sortem
797 1335 923 1396 quoque
954 1315 1027 1394 letl,
1058 1317 1083 1375 si
1108 1313 1216 1386 liceat,
1239 1313 1341 1373 uirum
1365 1310 1505 1372 emolliit.

242 1433 265 1472 n
280 1419 411 1478 auaritia
441 1421 472 1478 ln
504 1423 670 1498 proximos
702 1423 785 1482 uirus
817 1441 908 1482 suum
939 1420 1108 1485 transtulit.
1161 1421 1274 1480 eadem
1307 1438 1349 1478 ex
1381 1418 1507 1478 diuerso

280 1525 359 1584 ratio
392 1515 541 1587 uirtu'tum
574 1536 638 1599 est,
669 1537 704 1588 ut
727 1547 823 1588 omne
853 1530 941 1609 quod
972 1547 1080 1588 secum
1103 1526 1224 1588 habent
1248 1526 1406 1604 mitigent.
1452 1543 1508 1584 nec

280 1639 346 1690 tam
371 1629 540 1692 ualetudini
570 1632 687 1711 proluit
710 1634 795 1695 mitis
823 1637 912 1714 regio
943 1644 976 1696 et
999 1632 1152 1694 salubrius
1176 1631 1299 1693 caelum
1323 1651 1422 1710 quam
1446 1631 1506 1690 ani-

281 1738 340 1796 mis
375 1757 486 1816 parum
517 1738 613 1799 firmis
651 1742 682 1800 in
713 1739 806 1801 turba
838 1739 967 1801 meliore
999 1742 1124 1800 uersari.
1170 1757 1252 1819 quae
1280 1757 1330 1798 res
1354 1742 1537 1816 quantum3

280 1845 381 1922 possit
404 1843 582 1923 intelleges,
611 1848 636 1906 si
660 1845 774 1907 uideris
798 1846 880 1908 ieras
904 1867 1031 1927 quoque
1054 1848 1201 1907 conuictu
1226 1853 1336 1905 nostro
1362 1845 1506 1904 man'sue-

241 1971 263 2009 rs
279 1968 366 2009 scere
396 1948 533 2030 nullique
573 1954 669 2013 etiam
692 1955 826 2013 *inmani
865 1953 986 2014 bestIae
1017 1955 1081 2013 olm
1120 1971 1209 2012 suam
1248 1969 1454 2030 permanere,
1483 1950 1507 2009 si

278 2056 413 2131 hqminis
446 2057 686 2119 contubernium
718 2061 771 2120 diu
802 2077 896 2149 passa
918 2069 976 2122 est.
1022 2060 1198 2120 retunditur
1226 2057 1331 2117 omnis
1354 2057 1507 2134 asperitas

277 2163 491 2243 paulatimque
530 2167 610 2226 inter
647 2165 772 2245 placida
802 2165 980 2227 dediscitur.
1037 2166 1161 2225 accedit
1199 2163 1277 2235 huc,
1315 2163 1406 2242 quod
1445 2181 1507 2222 non

277 2279 400 2332 tantum
425 2269 576 2350 exemplo
601 2270 713 2332 melior
744 2271 779 2333 tit
802 2273 854 2352 qui
879 2291 950 2332 cum
981 2273 1095 2351 quietis
1118 2269 1300 2332 hominibus
1323 2271 1420 2341 uiuit,
1451 2267 1507 2328 sed

277 2376 364 2454 quod
402 2396 513 2438 causas
551 2378 704 2439 irascendi
743 2397 807 2438 non
838 2380 954 2439 inuenit
992 2397 1051 2438 nec
1089 2379 1200 2438 uitium
1236 2396 1329 2437 suum
1367 2383 1506 2435 exercet.

238 2478 387 2560 aufugere
417 2483 523 2562 itaque
554 2482 685 2544 debebit
715 2485 820 2544 omnis
855 2503 935 2564 quos
959 2486 1155 2564 ¹imitaturos
1193 2480 1389 2543 iracundiam
1422 2480 1506 2540 sciet.

278 2587 330 2665 qui
361 2597 449 2660 sunt,
495 2591 608 2669 inquis,
650 2592 721 2651 isti?
769 2588 858 2651 multi
897 2609 939 2650 ex
979 2593 1071 2650 uariis
1110 2591 1211 2650 causis
1249 2587 1335 2650 idem
1373 2584 1537 2650 facturnl

279 2691 420 2755 offendet
442 2704 475 2755 te
495 2694 648 2775 superbus
659 2705 861 2786 contemptu,
885 2697 977 2755 dicax
1001 2693 1203 2768 contumelia,
1226 2693 1373 2774 petulans
1389 2693 1506 2760 iniuria,

277 2796 389 2858 liuidus
420 2799 633 2879 malignitate,
673 2821 803 2881 pugnax
842 2802 1063 2873 contentione,
1102 2810 1254 2862 uentosus
1291 2809 1324 2862 et
1364 2798 1506 2858 mendax

277 2906 423 2965 uanitate.
470 2925 534 2966 non
557 2905 637 2966 seres
661 2927 680 2967 a
702 2909 875 2985 suspicioso
899 2907 1011 2979 timeri,
1043 2925 1062 2966 a
1085 2907 1247 2986 pertInace
1271 2907 1362 2978 uinci,
1387 2925 1407 2964 a
1431 2901 1505 2963 deli·

237 3027 262 3068 is
277 3019 350 3070 cato
374 3008 513 3071 fastidiri.
559 3011 641 3090 elige
663 3011 835 3091 slmpliceS‚
867 3010 985 3085 facileS,
1010 3013 1212 3085 moderatOS,
1237 3013 1290 3092 qui
1314 3013 1395 3072 iram
1418 3019 1506 3071 tuam
1524 3023 1537 3068 ζ»

277 3134 336 3174 nec
367 3125 501 3176 euocent
525 3126 558 3177 et
588 3115 696 3177 serant.
743 3120 844 3197 magis
877 3117 979 3178 adhuc
1002 3118 1178 3197 proderunt
1209 3118 1370 3178 summissi
1394 3125 1427 3176 et
1451 3113 1505 3174 hu-

278 3221 363 3280 mani
387 3229 419 3281 et
443 3220 559 3296 dulces,
583 3241 647 3282 non
671 3231 779 3283 tamen
803 3243 902 3303 usque
926 3226 956 3283 in
980 3222 1206 3285 adulationem.
1239 3242 1315 3284 nam
1339 3222 1507 3283 iracundos

278 3326 375 3385 nimia
405 3328 584 3390 adsentatio
616 3327 758 3390 offendit.
813 3339 881 3390 erat
911 3338 996 3391 certe
1027 3330 1146 3390 amicus
1177 3338 1287 3390 noster
1320 3330 1367 3389 uit
1394 3326 1538 3397 bonust>

285 3588 293 3636 l
308 3588 409 3654 paruae]
423 3596 483 3640 crat
502 3605 561 3642 cum
575 3588 725 3640 conicerem
739 3591 832 3654 tardae,
851 3589 901 3643 sed
911 3589 975 3644 uide
988 3588 1022 3642 dc
1035 3597 1124 3658 tranq.
1138 3606 1182 3642 un.
1196 3593 1221 3655 3,
1236 3591 1250 3640 2
1265 3607 1372 3654 quorum
1384 3591 1508 3638 maximae

279 3675 422 3749 inseducto
442 3679 550 3725 actiones
569 3685 622 3725 sunt
695 3676 777 3728 lnes
797 3675 929 3744 (fin‘tnec)
1003 3671 1152 3743 tiproxilnis
1172 3680 1238 3741 (imis
1258 3694 1342 3741 corr,
1359 3676 1416 3745 suit
1434 3679 1507 3737 umis)

363 3765 515 3812 conuictores
535 3765 583 3829 (res
600 3771 696 3832 postca
715 3763 849 3832 additum)
935 3767 1036 3828 {lectus
1109 3769 1128 3815 si
1148 3767 1222 3816 liceat
1243 3763 1334 3832 Koch,
1356 3775 1379 3815 et
1398 3767 1507 3815 siliceum

280 3845 440 3900 Pincianus:
462 3853 614 3900 etsiliceat
634 3850 692 3903 cod.
715 3848 870 3920 Sinqnlun's
889 3851 932 3906 ln'c
945 3854 1090 3907 uerborum
1110 3857 1130 3903 si
1148 3855 1223 3904 liceat
1242 3870 1311 3906 usns
1331 3854 1509 3922 confirmatur

280 3934 347 3986 locis
364 3933 506 3988 simillimis
524 3935 639 3990 Minucii
655 3937 752 3991 Felicis
772 3944 795 3998 8,
816 3945 831 3992 t
851 3943 993 3992 miserentur
1011 3946 1092 3992 miseri
1111 3945 1171 4008 ipsi,
1190 3946 1211 3992 si
1230 3945 1268 3992 Ias
1287 3950 1332 4004 est,
1352 3943 1508 3992 sacerdotum

280 4027 306 4073 ct
320 4022 436 4075 Arnoht't‘
455 4028 478 4088 l,
493 4031 516 4087 6,
536 4028 689 4076 4Christum
709 4068 715 4079 .
736 4069 741 4079 .
762 4031 857 4080 uultis.
879 4071 884 4083 .
904 4033 924 4079 si
943 4033 1023 4093 liceat,
1042 4034 1170 4080 beluarum
1184 4033 1319 4095 agrestium
1339 4033 1385 4082 ritu
1403 4031 1509 4080 cruentis

280 4111 363 4158 oribus
380 4113 505 4166 mandere.
520 4113 662 4179 particula
680 4121 702 4163 et
712 4114 831 4174 delenda
849 4127 916 4182 crat,
936 4118 1011 4186 qnod
1023 4119 1168 4172 discrimen
1188 4120 1309 4187 ineptum
1329 4119 1400 4172 inter
1417 4118 1507 4168 sortem

280 4201 307 4248 et
324 4199 402 4246 uirum
421 4196 537 4264 inferret
663 4202 690 4253 12
710 4200 775 4252 initis
796 4201 960 4272 Herrsinqer:
982 4210 1046 4256 utilis
1167 4207 1195 4259 13
1214 4210 1233 4274 q
1253 4207 1292 4272 (in
1313 4211 1380 4272 ros.)

285 4301 314 4352 n
334 4305 354 4350 si
372 4288 454 4352 nonas
480 4304 517 4368 (m
536 4307 603 4370 ras.)
725 4310 755 4360 n
775 4297 813 4360 ni
830 4298 849 4376 (ῑ
868 4311 894 4361 n
914 4312 980 4376 ras.)
1106 4314 1136 4363 rs
1156 4293 1227 4377 qun
1248 4292 1284 4378 (qi
1304 4317 1387 4376 corr—‚l

281 4388 315 4439 ‘20
335 4391 485 4441 iracundia*
511 4390 574 4459 (snit
593 4395 642 4457 am)
715 4397 748 4447 ‘22
767 4405 791 4446 te
811 4398 847 4462 (c'n
867 4400 930 4462 ras.)
