3212 5326
472 333 551 377 trinu.
568 334 593 376 V.
623 333 730 374 DElRA
744 333 798 376 Ltu.
815 333 854 376 lll.
883 335 903 377 ¹1.
919 338 936 376 :t
1276 343 1314 402 87

105 481 233 560 gentium
266 481 431 562 rabiesque
461 478 588 542 infanda
625 481 784 544 ciuitatem
814 481 892 543 tulit.
937 501 997 542 nec
1035 482 1144 544 datum
1183 492 1317 564 tempuS,

103 608 156 668 quo
185 587 339 650 resideret
371 595 477 648 tumor
507 586 666 668 publicus,
698 586 755 648 sed
787 588 944 650 deductae
974 587 1116 670 protinus
1147 587 1261 650 classes
1286 599 1317 651 et

104 703 240 756 oneratae
279 692 481 756 tumultuario
521 691 626 756 milite.
672 695 739 756 sine
770 712 868 765 more,
907 694 973 756 sine
1003 694 1145 776 auspiciis
1184 695 1316 777 populus

103 801 187 862 ductu
226 801 291 862 irae
328 819 403 862 suae
443 819 588 880 egressus
627 798 754 862 fortuita
789 807 942 881 raptaque
980 820 1039 880 pro
1078 801 1173 864 armis
1212 803 1316 882 gessit,

76 907 205 971 tdeinde
229 925 348 986 magna
378 905 467 968 clade
497 907 709 976 temeritatem
742 905 868 968 audacis
898 906 962 969 irae
993 905 1056 968 luit.
1103 907 1152 970 nic
1175 908 1317 970 barbaris
1345 941 1357 978 ,5
1411 941 1414 948 ·

102 1011 171 1074 forte
193 1012 355 1074 ruentibus
379 1013 407 1074 in
431 1012 514 1074 bella
538 1013 641 1074 exitus
673 1023 728 1074 est.
776 1033 846 1076 cum
879 1010 1013 1074 mobiles
1044 1013 1167 1074 animos
1198 1015 1317 1095 species

101 1117 215 1180 iniuriae
238 1118 384 1199 perculit,
408 1127 543 1200 aguntur
567 1119 672 1182 statim
706 1128 738 1182 et
761 1139 823 1200 qua
847 1118 940 1182 dolor
963 1119 1059 1181 traxit
1087 1119 1193 1182 ruinae
1217 1122 1316 1182 modo

100 1223 264 1303 legionibus
289 1226 427 1288 incidunt
452 1225 650 1306 inconpositi,
673 1225 809 1298 interriti,
833 1225 953 1298 incauti,
977 1225 1113 1306 pericula
1128 1228 1316 1308 adpetentes

99 1350 155 1392 sua.
200 1332 341 1412 gaudent
364 1330 444 1394 feriri
468 1342 500 1394 et
523 1332 639 1394 instare
662 1330 744 1394 ferro
770 1339 801 1393 et
825 1331 888 1394 tela
911 1351 1045 1412 corpore
1069 1353 1181 1412 urgere
1205 1343 1237 1396 et
1259 1353 1316 1414 per

98 1455 181 1498 suum
204 1436 315 1498 uolnus
339 1437 433 1499 exire.
1333 1469 1355 1508 in

73 1557 81 1608 l
179 1543 229 1604 ΙΙΙ.
257 1542 332 1604 Non
357 1553 412 1618 est,
436 1544 544 1625 inquis,
569 1543 708 1618 dubium,
732 1544 806 1624 quin
830 1563 947 1624 magna
969 1545 1028 1609 ista
1051 1555 1083 1606 et
1107 1545 1252 1625 pestifera
1276 1549 1314 1610 sit

98 1650 156 1712 uis:
188 1651 260 1712 ideo
292 1652 564 1730 quemadmodum
597 1651 698 1728 sanari
727 1649 845 1712 debeat
876 1659 1027 1712 monstra.
1080 1653 1179 1732 atqui,
1220 1662 1253 1714 ut
1284 1655 1312 1714 in

98 1757 242 1836 prioribus
266 1757 352 1818 libris
376 1757 449 1831 dixi,
481 1766 544 1818 stat
568 1755 758 1819 Aristoteles
782 1756 929 1818 defensor
960 1759 1022 1818 irae
1055 1769 1086 1819 et
1117 1768 1203 1821 uetat
1230 1759 1312 1822 illam

98 1862 180 1924 nobis
203 1864 347 1926 execari:
383 1861 483 1926 calcar
514 1864 557 1926 ait
585 1883 654 1926 esse
684 1865 813 1926 uirtutis.
859 1865 919 1926 hac
942 1874 1050 1946 erepta
1072 1865 1225 1928 inermem
1249 1868 1312 1929 ani-

71 1981 177 2031 lmum
201 1979 232 2032 et
256 1971 297 2032 ad
322 1980 452 2032 conatus
477 1991 611 2050 magnos
635 1971 759 2052 pigrum
781 1971 977 2051 inertemque
1000 1969 1073 2032 lieri.
1105 1974 1313 2034 necessarium
1332 2000 1354 2040 ns

98 2084 142 2136 est
162 2075 265 2156 itaque
299 2074 483 2138 foeditatem
516 2077 580 2138 eius
612 2096 649 2138 ac
673 2076 830 2140 feritatem
854 2096 1027 2157 coarguere
1050 2087 1082 2139 et
1105 2088 1179 2140 ante
1202 2085 1314 2142 oculos

97 2201 215 2260 ponere,
239 2191 392 2263 quantum
416 2183 548 2244 monstri
579 2183 617 2244 sit
641 2182 740 2272 homo
764 2183 794 2244 in
818 2181 980 2246 hominem
1004 2182 1108 2244 furens
1132 2195 1314 2267 quantoque

98 2285 194 2369 inpetu
225 2299 296 2350 ruat
327 2309 391 2350 non
421 2290 487 2352 sine
518 2290 653 2372 pernicie
684 2309 740 2350 sua
771 2290 962 2370 perniciosus
993 2300 1025 2351 et
1056 2310 1093 2352 ea
1125 2293 1313 2372 deprimens,

15 2431 19 2450 r
70 2412 169 2473 aquae
191 2395 293 2475 mergi
323 2394 379 2457 nisi
410 2415 482 2458 cum
506 2405 670 2476 mergente
698 2416 763 2457 non
785 2387 926 2478 possunt.
972 2397 1047 2478 quid
1072 2401 1169 2477 ergo?
1202 2419 1312 2460 sanum

98 2497 172 2562 hunc
200 2500 310 2582 aliquis
341 2511 450 2574 uocat,
481 2503 533 2583 qui
564 2502 648 2565 uelut
684 2511 875 2584 tempestate
914 2512 1076 2585 correptus
1107 2525 1170 2566 non
1203 2508 1225 2569 it
1256 2508 1313 2570 sed
1328 2531 1353 2571 an
1399 2485 1401 2489 ,

99 2607 190 2684 agitur
220 2617 252 2670 et
284 2607 396 2672 furenti
427 2609 511 2670 malo
542 2611 657 2672 seruit?
697 2629 755 2671 nec
787 2611 919 2672 mandat
947 2609 1097 2672 ultionem
1121 2631 1226 2688 suam,
1257 2616 1313 2675 sed

99 2711 157 2790 ipse
187 2715 252 2776 eius
291 2723 423 2776 exactor
460 2716 566 2776 animo
605 2715 696 2778 simul
735 2735 773 2777 ac
811 2735 906 2777 manu
944 2718 1043 2779 saeuit
1082 2718 1312 2782 carissimorum

70 2836 261 2901 leonumque
292 2839 371 2901 quae
402 2840 480 2882 mox
511 2822 626 2884 amissa
655 2821 783 2882 fleturus
813 2830 860 2882 est
892 2819 1051 2884 carnifex?
1092 2822 1174 2884 hunc
1205 2823 1313 2905 aliquis

99 2923 246 2988 adfectum
271 2927 375 2989 uirtuti
399 2928 575 2990 adiutorem
600 2929 815 3007 comitemque
840 2929 909 2992 dat.
941 2926 1085 3003 consilia,
1113 2930 1178 2990 sine
1201 2930 1313 3011 quibus

98 3031 183 3094 uirtus
213 3033 287 3096 nilnil
318 3034 413 3114 gerit,
447 3015 695 3097 obturbantem?
734 3036 872 3096 caducae
902 3035 1106 3116 sinistraeque
1136 3045 1208 3098 sunt
1232 3037 1311 3099 uires
1326 3060 1351 3100 nn

99 3145 125 3197 et
144 3139 173 3200 in
196 3139 315 3202 malum
338 3161 429 3202 suum
453 3140 592 3214 ualidae,
623 3142 654 3203 in
685 3161 763 3223 quas
794 3161 925 3222 aegrum
957 3141 1088 3204 morbus
1120 3151 1151 3204 et
1175 3147 1313 3206 accessio

70 3261 82 3310 ῖι
100 3246 197 3308 erexit.
243 3266 308 3308 non
331 3255 379 3308 est
402 3267 480 3327 ergo
504 3249 591 3328 quod
617 3268 668 3308 me
691 3258 783 3329 putes
811 3257 938 3329 tempus
961 3249 991 3310 in
1014 3252 1213 3330 superuacuis
1238 3271 1310 3312 con·

98 3369 226 3426 sumere,
258 3354 346 3433 quod
368 3354 462 3427 iram,
495 3355 583 3434 quasi
607 3354 722 3416 dubiae
746 3356 830 3434 apud
853 3352 997 3416 homines
1021 3357 1174 3433 opinionis
1197 3358 1244 3432 sit,
1268 3360 1310 3420 in-

98 3454 219 3544 famem,
252 3478 324 3520 cum
348 3459 456 3541 aliquis
480 3460 519 3521 sit
543 3469 574 3522 et
598 3461 726 3541 quidem
751 3462 792 3522 de
815 3460 994 3522 inlustribus
1017 3459 1228 3543 philosophis,
1260 3466 1312 3546 qui

99 3562 133 3623 illi
153 3566 266 3627 indicat
297 3585 410 3646 operas
434 3573 466 3627 et
489 3574 652 3648 tamquam
678 3568 785 3628 utilem
814 3587 851 3629 ac
875 3569 998 3648 spiritus
1022 3567 1311 3632 subministrantem
1327 3591 1353 3631 ao

101 3705 221 3714 Q.
244 3709 297 3714 ..—

101 3791 192 3858 ‘lptem
261 3797 391 3846 ilonerate
409 3771 433 3859 el
517 3799 532 3848 li
553 3798 675 3846 ruentibus
696 3778 749 3848 El:
771 3798 927 3864 uiuentibus
988 3798 1162 3862 &legionibus
1183 3797 1309 3869 flodoin:
1377 3785 1379 3790 Ι

102 3883 208 3946 regionib;
343 3885 445 3934 interriti
464 3883 515 3936 uix
533 3899 637 3944 aterum,
664 3884 767 3936 concisio
787 3886 892 3948 inparati
1019 3893 1160 3951 appetentes
1186 3889 1312 3958 (priorp

102 3971 172 4036 corr.)
232 3971 316 4038 99..
337 3970 402 4040 (suit
421 3989 472 4038 per,
492 3970 618 4026 linteolum
638 3989 709 4028 corr.
727 3972 805 4040 fucit)
867 3972 901 4026 10
914 3975 998 4023 uulnus
1057 3975 1167 4040 l2atqni
1188 3977 1208 4043 (t
1227 3979 1310 4042 corr.)

174 4061 202 4112 ltr
221 4063 371 4128 inertemque
390 4059 553 4114 Pincianus:
575 4064 720 4127 inermemq;
815 4063 847 4114 lfi
867 4063 993 4125 feditatem
1082 4065 1112 4116 18
1132 4064 1223 4130 impetu

103 4147 128 4197 'll
146 4155 166 4198 et
183 4151 268 4200 furenti
287 4148 384 4218 uulgo:
413 4151 522 4200 effurenti
633 4153 665 4203 22
686 4153 821 4201 manuseuit
845 4151 919 4216 (ante
938 4169 949 4202 s
968 4149 1057 4204 altera
1075 4169 1086 4201 s
1106 4149 1203 4219 deleta)

103 4234 129 4286 24
146 4240 230 4292 affectu
307 4239 340 4292 25
361 4240 482 4305 sinistrqq;
504 4257 520 4288 n
536 4241 613 4304 (ras,
631 4240 657 4291 in
678 4255 733 4307 qnia
749 4237 806 4307 snit
823 4241 887 4306 sunt)
907 4242 969 4290 uires
984 4247 1039 4290 sunt
1058 4241 1133 4310 (posi
1151 4243 1202 4292 uire
1218 4241 1273 4309 fuit
1292 4264 1311 4302 s,

103 4338 146 4389 qno
163 4324 250 4382 littera
268 4343 350 4382 eraso
369 4328 568 4398 suprascripsit
587 4347 598 4378 s
617 4345 642 4380 nr
670 4329 734 4394 rec.)
808 4327 842 4381 ‘28
861 4338 919 4393 aput
998 4328 1031 4380 29
1050 4329 1162 4388 illustrib;
1181 4333 1208 4395 (ll
1228 4336 1312 4400 corr)

162 4418 332 4482 philosophis*
