3234 5336
711 1067 741 1135 E.
773 985 915 1137 ANNAEI
946 1069 1112 1136 SENECAE

523 1218 964 1318 uuiooonvu
1006 1218 1201 1314 nrssuu
1233 1218 1294 1314 11.

348 1489 349 1496 ἵ
792 1409 842 1459 AD
861 1409 1027 1460 SERENVM

299 1555 379 1614 NEC
411 1555 600 1612 INIVRIAM
629 1553 710 1612 NEC
735 1553 1040 1613 CONTVMELIAM
1064 1555 1264 1614 ACCIPERE
1293 1555 1520 1612 SAPIENTEM

885 1705 944 1740 SIVE

682 1813 723 1869 DE
747 1813 940 1870 colentum
965 1813 1140 1874 alelmus,

290 2171 293 2178 Ι
391 2103 413 2164 1.
459 2071 601 2164 Tantum
645 2103 724 2165 inter
755 2100 897 2177 StoicoS,
936 2101 1071 2178 Serene,
1110 2111 1142 2165 et
1180 2112 1303 2165 ceteros
1341 2103 1547 2183 sapientiaml

299 2208 458 2292 professos
490 2210 639 2301 interesse
654 2269 657 2276 ,
670 2219 823 2291 quantum
848 2210 928 2272 inter
953 2209 1087 2270 feminas
1110 2219 1142 2271 et
1166 2229 1270 2272 mares
1292 2228 1356 2270 non
1379 2209 1521 2270 inmerito
1605 2177 1606 2250 l

300 2316 450 2391 dixerim,
489 2336 561 2377 cum
600 2325 733 2396 utraque
771 2316 864 2378 turba
902 2317 944 2376 ad
989 2317 1071 2377 uitae
1110 2316 1297 2378 societatem
1336 2316 1521 2376 tantundem

300 2422 456 2496 conferat,
489 2423 547 2483 sed
578 2420 675 2484 altera
696 2422 779 2503 'pars
807 2424 848 2490 ad
872 2422 1130 2502 obsequendum,
1162 2421 1260 2484 altera
1290 2422 1423 2504 imperio
1454 2429 1523 2486 nata

273 2529 348 2591 nsit.
395 2529 489 2589 ceteri
521 2529 677 2608 sapientes
708 2528 844 2590 molliter
868 2537 900 2590 et
922 2527 1055 2603 blande,
1089 2537 1123 2590 ut
1146 2527 1211 2590 fere
1234 2528 1400 2591 domestici
1425 2537 1457 2588 et
1480 2526 1519 2587 s-

301 2633 434 2695 miliares
458 2634 571 2695 medici
595 2636 696 2714 aegris
718 2635 902 2716 corporibus
926 2655 990 2697 non
1013 2655 1076 2715 qua
1091 2635 1248 2716 optimum
1273 2643 1304 2696 et
1328 2633 1520 2696 celerrimum

301 2750 349 2801 est
373 2741 539 2801 medentur
568 2741 625 2802 sed
648 2760 711 2820 qua
734 2740 824 2803 licet:
859 2738 957 2803 Stoici
986 2740 1104 2803 uirilem
1129 2740 1259 2821 ingressi
1283 2741 1381 2814 uiam,
1404 2759 1468 2800 non
1491 2745 1522 2798 ut

299 2865 435 2908 amoena
466 2847 643 2908 ineuntibus
675 2847 818 2910 uideatur
856 2867 948 2909 curae
981 2844 1115 2921 habent,
1141 2848 1200 2909 sed
1230 2857 1264 2908 ut
1292 2847 1521 2928 quamprimum

299 2972 358 3014 nos
390 2952 499 3032 eripiat
529 2961 561 3014 et
588 2953 621 3044 *in
653 2940 746 3014 illum'
771 2953 890 3015 editum
915 2953 1064 3015 uerticem
1088 2955 1217 3027 educat,
1248 2953 1300 3034 qui
1329 2952 1410 3014 adeo
1432 2958 1521 3012 extra

263 3079 288 3118 io
302 3077 431 3119 omnem
471 3058 523 3120 teli
561 3059 676 3120 iactum
715 3060 866 3133 surrexit,
905 3067 940 3120 ut
978 3078 1072 3140 supra
1103 3057 1262 3122 fortunam
1295 3059 1438 3121 emineat.
1492 3065 1551 3122 ata

300 3165 398 3224 ardua
429 3184 485 3245 per
508 3184 588 3244 quae
612 3184 763 3226 uocamur
786 3173 818 3227 et
841 3163 1031 3246 confragosa
1061 3175 1141 3228 sunt.
1188 3165 1264 3246 quid
1289 3166 1395 3226 enim?
1427 3164 1520 3245 plano

301 3271 404 3331 aditur
427 3270 609 3332 excelsum?
634 3272 691 3334 sed
714 3291 754 3333 ne
777 3280 844 3334 tam
868 3271 1004 3353 abrupta
1026 3273 1154 3352 quidem
1175 3281 1255 3347 sunt,
1279 3292 1375 3353 quam
1398 3270 1520 3352 quidam

302 3384 422 3456 putant.
452 3378 570 3458 prima
595 3385 718 3438 tantum
742 3398 814 3459 pars
837 3399 917 3440 saxa
940 3399 1096 3460 rupesque
1118 3377 1216 3440 habet
1239 3387 1271 3440 et
1295 3379 1366 3440 inuii
1381 3379 1521 3460 speciem,

301 3486 381 3544 sicut
404 3483 554 3564 pleraque
578 3471 619 3544 ex
643 3483 816 3564 longinquo
833 3483 1066 3565 speculantibus
1082 3485 1204 3547 abscisa
1226 3494 1258 3547 et
1282 3504 1407 3547 conexa
1429 3481 1520 3545 uideri

224 3633 228 3644 .
263 3609 288 3648 is
301 3588 417 3662 solent,
449 3611 520 3651 cum
545 3591 643 3651 aciem
668 3588 878 3670 longinquitas
909 3588 1011 3666 sallat,
1044 3591 1160 3652 deinde
1188 3593 1316 3672 propius
1339 3589 1520 3651 adeuntibus

301 3695 413 3756 eadem
437 3694 499 3770 illa,
531 3717 612 3776 quae
643 3697 673 3757 in
697 3716 793 3757 unum
822 3705 1026 3776 congesserat
1048 3717 1135 3758 error
1168 3696 1345 3771 oculorum,
1376 3694 1518 3777 paulatim

301 3803 530 3882 adaperiuntur.
577 3810 644 3864 tum
676 3801 732 3863 illis
764 3823 844 3883 quae
867 3803 1048 3883 praecipitia
1076 3823 1112 3864 ex
1136 3802 1299 3865 interuallo
1323 3801 1519 3884 apparebant,

397 4031 402 4080 l
426 4005 616 4105 stoicos⁰serene
642 4033 669 4098 (ο
687 4047 722 4086 m.
742 4029 788 4084 all.
807 4036 838 4084 ul
855 4029 975 4098 uidetur)
1041 4047 1043 4052 ·
1066 4032 1081 4084 2
1107 4033 1231 4082 immerito
1325 4031 1341 4082 ἴ)
1366 4016 1413 4096 celi
1495 4034 1518 4076 el

302 4117 328 4168 in
354 4133 409 4171 ras.
514 4118 637 4186 sortasse
660 4121 751 4170 blande
776 4128 849 4186 agunt
875 4117 953 4187 Conf.
972 4119 1012 4174 ad
1035 4118 1122 4174 Marc.
1150 4125 1177 4183 t,
1198 4125 1212 4172 5
1236 4120 1279 4169 alii
1307 4122 1389 4186 itaque
1420 4119 1518 4169 molliter

303 4273 376 4323 agant
396 4269 419 4310 et
438 4261 595 4310 blandiantur
666 4265 681 4314 ti
701 4265 765 4327 egris
818 4240 960 4313 ¹llamena
1034 4261 1067 4313 10
1086 4264 1160 4312 iatum
1175 4263 1200 4329 (c
1213 4277 1247 4314 m.
1256 4263 1314 4332 pr.)
1397 4261 1516 4310 *eminent

303 4397 369 4465 (fuit
390 4399 513 4466 fortasse
537 4405 622 4468 mem.)
722 4404 753 4456 12
779 4363 865 4456 amea
969 4403 1001 4456 'll
1029 4406 1110 4454 absisa
1207 4390 1316 4454 connexa
1401 4403 1432 4455 lit
1451 4382 1515 4466 pplus

303 4487 325 4554 (5
344 4504 377 4542 m.
386 4491 443 4558 ro)
