3212 5318
239 361 242 366 ·
305 349 368 410 276
530 344 607 388 DlAL.
617 344 667 386 ΧΠ.
697 345 739 386 ΑΒ
754 345 905 390 Potufflvtl
921 347 961 388 DE
976 345 1218 390 CONSOLATlONE.
1248 352 1267 388 5.
1282 350 1302 388 6.

302 491 350 552 sui
380 499 521 552 mentem
552 491 701 566 uiderint,
732 501 763 554 et
794 493 851 574 ipsi
882 493 1107 556 conlabantur:
1141 495 1173 555 id
1203 515 1285 556 nunc
1315 493 1371 554 tibi
1392 513 1512 573 quoque

303 595 479 658 faciendum
510 607 567 660 est.
612 599 707 660 indue
735 600 916 662 dissimilem
939 600 1046 662 animo
1068 611 1124 662 tuo
1149 599 1267 661 uoltum
1293 610 1339 674 et,
1370 601 1395 660 si
1416 610 1542 680 potest

302 703 409 784 proice
432 724 561 766 omnem
586 725 627 766 ex
652 714 722 768 toto
746 706 911 768 dolorem:
945 707 970 768 si
994 707 1105 781 minus,
1128 709 1278 768 introrsus
1300 707 1383 768 abde
1398 715 1429 767 et
1443 727 1512 768 con-

231 859 247 876 .
301 811 381 883 tine,
412 831 451 871 ne
475 822 642 892 appareat,
665 822 697 873 et
722 814 763 874 da
786 833 934 894 operam,
959 824 992 876 ut
1016 813 1126 875 fratres
1148 814 1193 874 tui
1216 823 1248 874 te
1272 814 1443 886 imitentur,
1465 813 1513 892 qui
1587 826 1588 902 l

262 931 274 969 ⁵
301 915 470 978 honestum
494 919 658 997 putabunt,
682 921 906 999 quodcumque
928 930 961 982 te
984 919 1149 982 facientem
1173 921 1307 981 uiderint
1321 919 1514 998 animumque
1587 905 1588 992 l

301 1043 343 1084 ex
368 1023 455 1085 uoltu
475 1033 532 1085 tuo
551 1035 686 1086 sument.
717 1035 749 1087 et
764 1025 916 1116 solacium
934 1027 1032 1088 debes
1049 1048 1117 1088 esse
1132 1025 1255 1088 illorum
1272 1036 1305 1087 et
1320 1025 1510 1087 consolator:
1587 1003 1588 1034 l

301 1149 365 1200 non
388 1131 506 1210 poten's
529 1140 634 1192 autem
658 1131 771 1194 horum
796 1134 931 1194 maerori
953 1133 1090 1208 obstare,
1113 1135 1139 1194 si
1162 1143 1217 1196 tuo
1240 1132 1409 1194 indulseris.

390 1237 444 1298 Vl.
484 1233 559 1322 [25]
592 1238 702 1300 Potest
732 1249 764 1300 et
794 1219 847 1302 illa
875 1261 925 1302 res
955 1261 974 1302 a
1001 1238 1084 1302 luctu
1108 1250 1141 1302 te
1164 1239 1333 1321 prohibere
1356 1239 1462 1313 nimio,
1490 1239 1537 1300 sil

300 1343 356 1405 tibi
387 1344 453 1425 ipse
482 1346 722 1420 renuntiaueris,
757 1345 831 1408 nihil
861 1346 991 1421 horum,
1023 1367 1104 1427 quae
1134 1347 1225 1421 facis,
1255 1366 1350 1427 posse
1380 1345 1512 1406 subduci.

263 1463 286 1502 ¹⁰
301 1471 449 1531 magnam
481 1451 537 1512 tibi
566 1471 735 1532 personam
766 1453 929 1516 hominum
961 1475 1131 1516 consensus
1163 1453 1316 1536 inposuit:
1356 1453 1433 1514 haec
1461 1452 1512 1513 tibi

301 1559 419 1618 tuenda
448 1569 504 1618 est.
551 1559 730 1622 circumstat
761 1570 793 1622 te
825 1563 928 1623 omnis
951 1562 1014 1624 ista
1036 1559 1268 1622 consolantium
1292 1559 1462 1640 frequentia
1484 1569 1512 1620 et
1588 1563 1589 1640 l

300 1667 330 1726 in
353 1665 491 1726 animum
515 1676 604 1729 tuum
628 1668 752 1746 inquirit
768 1687 805 1728 ac
819 1670 968 1750 perspicit
992 1678 1144 1748 quantum
1166 1668 1289 1730 roboris
1304 1666 1355 1728 ille
1369 1668 1511 1728 aduersus

300 1772 447 1835 dolorem
471 1772 588 1835 habeat
610 1783 643 1835 et
667 1785 813 1836 utrumne
836 1785 870 1837 tu
894 1785 1017 1838 tantum
1041 1775 1303 1837 rebus'secundis
1327 1774 1370 1835 uti
1388 1775 1511 1834 dextere

298 1879 395 1954 sciaS,
425 1900 465 1940 an
496 1891 528 1942 et
551 1882 700 1942 aduersas
724 1883 827 1961 possis
850 1881 976 1944 uiriliter
999 1881 1098 1944 ferre:
1133 1882 1340 1943 obseruantur
1363 1879 1443 1942 oculi
1464 1880 1510 1941 tui.

260 1999 283 2038 ¹⁵
297 1984 442 2048 liberiora
464 1996 537 2048 sunt
559 1989 666 2050 omnia
687 1989 731 2063 iis,
755 2009 890 2068 quorum
913 1987 1054 2050 adfectus
1070 1988 1135 2068 tegi
1151 1970 1303 2068 possunt:
1328 1987 1385 2048 tibi
1401 1985 1508 2048 nullum
1525 1993 1538 2043 ‘2

298 2101 453 2154 secretum
485 2093 617 2156 liberum
648 2105 704 2158 est.
750 2097 780 2156 in
812 2094 911 2160 multa
940 2095 1010 2157 luce
1039 2093 1164 2156 fortuna
1192 2102 1224 2156 te
1247 2095 1360 2175 posuit.
1408 2112 1507 2155 omnes

297 2199 412 2274 scient,
443 2203 609 2280 quomodo
639 2211 673 2263 te
695 2203 725 2262 in
747 2202 809 2264 isto
832 2211 888 2264 tuo
911 2202 1045 2283 gesseris
1068 2200 1213 2276 uolnere,
1244 2210 1391 2263 utrumne
1413 2201 1507 2262 statim

296 2305 457 2386 perculsus
480 2327 568 2370 arma
590 2310 782 2371 summiseris
804 2331 844 2372 an
868 2311 898 2371 in
921 2310 1022 2390 gradu
1045 2309 1175 2370 steteris
1200 2308 1299 2394 ‘olim
1323 2317 1355 2369 te
1379 2308 1410 2367 in
1429 2306 1508 2368 altio-
1589 2297 1590 2316 ¹

297 2435 364 2476 rem
396 2417 539 2478 ordinem
571 2426 602 2478 et
633 2437 723 2478 amor
747 2415 888 2478 Caesaris
917 2415 1030 2478 extulit
1061 2391 1101 2477 et'
1124 2424 1178 2476 tua
1205 2415 1309 2477 studia
1331 2415 1508 2476 eduxerunt

257 2531 283 2570 ²⁰
298 2519 372 2586 nihil
395 2531 427 2583 te
450 2522 608 2605 plebeium
632 2524 734 2597 decet,
757 2522 832 2584 nihil
854 2522 979 2584 humile.
1025 2523 1100 2602 quid
1124 2529 1230 2584 autem
1254 2530 1321 2582 tam
1345 2519 1461 2582 humile
1478 2538 1510 2580 ac

298 2627 449 2692 muliebre
472 2638 520 2691 est
543 2650 638 2709 quam
662 2631 913 2692 consumendum
935 2650 969 2691 se
986 2627 1087 2691 dolori
1104 2629 1323 2690 committere?
1354 2648 1419 2689 non
1433 2627 1509 2688 idem
1524 2631 1536 2680 tl

297 2734 353 2796 tibi
375 2735 405 2797 in
429 2735 514 2798 luctu
536 2738 604 2818 pari
627 2737 713 2816 quod
737 2737 796 2798 tuis
819 2735 965 2798 fratribus
989 2736 1068 2798 licet.
1100 2735 1200 2798 multa
1215 2735 1271 2797 tibi
1287 2756 1352 2796 non
1367 2734 1510 2816 permittit

296 2842 402 2924 opinio
433 2845 475 2904 de
497 2844 607 2905 studiis
630 2863 668 2904 ac
691 2843 831 2905 moribus
854 2845 914 2905 tuis
938 2853 1074 2926 recepta
1120 2842 1255 2904 multum
1278 2863 1298 2904 a
1320 2850 1352 2903 te
1376 2840 1510 2902 homines

296 2949 435 3029 exigunt,
459 2949 593 3011 multum
617 2958 797 3031 expectant.
844 2951 869 3011 si
893 2949 1023 3011 uolebas
1047 2950 1103 3011 tibi
1127 2949 1234 3010 omnia
1256 2949 1357 3023 licere,
1381 2969 1422 3009 ne
1444 2967 1508 3008 con·

256 3065 281 3105 ²⁵
296 3056 443 3117 uertisses
474 3057 504 3116 in
535 3065 568 3118 te
600 3076 657 3119 ora
688 3058 848 3119 omnium:
883 3077 964 3118 nunc
995 3064 1102 3118 autem
1133 3055 1191 3116 tibi
1213 3055 1437 3136 praestandum
1460 3060 1510 3124 est,
1590 3053 1591 3060 ’

297 3173 449 3241 quantum
472 3163 650 3242 promisisti.
697 3183 809 3229 omnes
832 3162 881 3236 illi,
905 3164 956 3242 qui
980 3183 1078 3242 opera
1100 3163 1215 3242 ingenii
1239 3163 1283 3224 tui
1305 3161 1444 3236 laudant,
1465 3157 1510 3238 qui

386 3392 399 3444 l
420 3393 466 3442 tibi
478 3408 575 3458 quoque
589 3390 615 3444 Β
633 3409 729 3458 quoque
741 3393 787 3442 tibi
799 3388 854 3445 ΒΕ
948 3391 964 3444 2
983 3393 1127 3442 dissimilem
1140 3399 1181 3441 tuo
1197 3391 1221 3444 B
1240 3392 1384 3442 dissimilem
1398 3393 1477 3440 animo
1489 3385 1513 3440 E

385 3487 465 3546 potest
484 3478 511 3534 Ε
634 3481 649 3534 3
675 3483 735 3546 pice
758 3498 856 3531 omnem
881 3498 909 3530 ex
928 3487 980 3531 toto
999 3483 1112 3531 dolorem
1132 3480 1157 3533 Β
1181 3483 1284 3546 prohice
1302 3497 1402 3531 omnem
1421 3497 1448 3529 ex
1466 3484 1510 3527 tolo

296 3571 408 3620 dolorem
428 3567 456 3622 Ε
471 3587 571 3621 omnem
590 3587 618 3621 ex
637 3576 689 3620 loto
707 3587 753 3636 pro
773 3572 809 3620 ice
829 3568 854 3623 D
947 3572 1012 3620 abde
1032 3569 1058 3622 B
1076 3572 1202 3620 absconde
1222 3567 1275 3622 ΒΕ
1374 3571 1470 3620 contine
1486 3581 1511 3614 ne

298 3656 350 3710 ΒΕ
367 3657 535 3712 continereD
633 3659 650 3713 4
670 3667 693 3709 te
711 3661 843 3712 imittentur
861 3657 888 3711 B
906 3676 936 3708 ne
956 3661 1077 3709 imitentur
1095 3657 1150 3712 ΒΕ
1236 3661 1303 3724 quod
1321 3661 1449 3710 honestum
1467 3651 1512 3708 ΒΕ

366 3787 372 3804 .
404 3747 420 3800 5
445 3755 468 3798 te
487 3749 617 3799 facientem
638 3745 663 3801 B
681 3750 811 3799 facientem
831 3756 853 3798 te
872 3745 926 3802 ΒΕ
1048 3748 1064 3802 l
1089 3750 1109 3798 si
1128 3750 1162 3798 tui
1181 3749 1308 3798 indulseris
1327 3747 1354 3801 B
1372 3750 1392 3798 si
1410 3757 1449 3797 tuo
1467 3761 1508 3794 non

296 3838 426 3887 indulxeris
445 3835 474 3889 Ε
562 3813 603 3891 10.
619 3855 725 3902 psonam
745 3836 771 3890 Β
789 3843 884 3902 partem
902 3834 958 3904 ΒΕ
1045 3837 1077 3890 l3
1103 3844 1159 3888 utcu
1178 3837 1254 3890 neB
1356 3837 1464 3886 secundis
1481 3833 1508 3882 uti

296 3929 393 3978 dextere
412 3925 586 3996 Bonqarst'us
604 3927 715 3977 secundis
735 3928 768 3976 uti
787 3927 813 3975 id
832 3933 911 3977 extere
929 3925 956 3979 Β
980 3929 1092 3976 secundis
1111 3929 1144 3976 uti
1164 3935 1186 3976 et
1205 3936 1228 3976 te
1246 3943 1359 3976 exercere
1381 3925 1404 3978 Β
1420 3921 1509 3974 secundi

295 4018 328 4066 uti
347 4024 369 4066 et
390 4021 413 4066 te
432 4033 543 4066 exercere
560 4013 589 4068 Ε
714 4014 745 4067 15
769 4021 822 4065 sunt
841 4017 925 4065 omnia
943 4013 970 4068 B
988 4017 1072 4065 omnia
1091 4021 1144 4066 sunt
1162 4013 1217 4068 ΒΕ
1341 4014 1375 4067 ’18
1398 4013 1508 4079 perculsus

297 4103 378 4157 Gertz
397 4121 522 4169 percussus
541 4103 621 4158 ΒΒΕ
741 4107 831 4169 lgradu
851 4103 877 4157 Β
894 4106 1002 4170 ingratus
1020 4101 1075 4158 ΒΕ
1194 4087 1231 4156 Ι19
1255 4105 1387 4154 eduxerunt
1405 4097 1508 4166 Maduiq

295 4195 443 4244 deduxerunt
464 4191 543 4246 ΒΒΕ
630 4193 662 4245 21
689 4195 883 4242 consumandum
904 4192 929 4246 Β
1025 4193 1059 4246 22
1083 4196 1148 4244 uictu
1170 4191 1193 4246 Β
1294 4195 1341 4242 tuis
1360 4183 1507 4240 fratribusB

294 4283 407 4332 fratribus
426 4285 472 4332 tuis
491 4281 544 4336 ΒΕ
649 4281 683 4335 23
709 4284 818 4332 moribus
836 4284 882 4332 tuis
901 4281 927 4334 B
946 4284 1055 4332 moribus
1073 4280 1127 4336 ΒΕ
1232 4281 1267 4336 25
1292 4289 1386 4332 tantum
1405 4281 1447 4329 tibi
1463 4271 1510 4328 ΒΕ

418 4371 452 4425 26
476 4389 561 4431 omnes
585 4373 619 4422 illi
644 4371 859 4440 irrterpunctione
882 4371 1026 4425 emendata
1046 4371 1154 4441 lipsius·
1177 4373 1258 4421 omnis
1277 4372 1312 4420 illi
1330 4368 1385 4424 ΒΕ
1405 4365 1507 4420 omnibus

295 4460 341 4510 illis
363 4459 386 4512 B
405 4477 490 4510 omnes
509 4463 556 4512 illis
576 4459 660 4530 Neap.
763 4463 804 4525 qui
823 4462 963 4512 describunt
982 4459 1007 4514 Β
1025 4463 1066 4526 qui
1086 4463 1225 4511 describant
1249 4459 1272 4513 B
1290 4462 1349 4525 quid
1368 4459 1469 4508 scribunt
1486 4448 1509 4503 Ε
