3184 5318
333 347 412 393 DlAL.
428 347 466 392 Vl.
494 348 537 390 Ab
551 347 694 392 MARCIAM
708 349 749 392 bu
761 305 1005 394 consumamus.
1034 352 1074 395 2⁴:
1252 357 1308 420 15¹

83 501 237 576 tconputa,
260 493 386 568 Marcia,
410 515 505 576 quam
529 515 600 558 raro
624 495 738 558 liberos
762 495 890 558 uideant
912 515 994 577 quae
1016 497 1046 558 in
1066 496 1194 582 diuersis
1211 497 1311 560 domi-

107 601 155 662 bus
183 599 330 664 habitant.
377 601 482 682 cogita
512 610 560 664 tot
583 600 652 664 illos
674 603 776 684 perire
799 623 898 664 annos
923 603 1074 666 matribus
1098 611 1129 666 et
1152 623 1208 685 per
1231 603 1311 666 solli-

106 708 258 770 citudinem
290 706 392 788 exigi,
423 706 536 790 quibus
567 706 646 770 filios
676 709 705 770 in
737 709 877 774 exercitu
907 709 1044 772 liabent:
1078 709 1156 772 scies
1180 709 1312 773 multum

105 813 226 895 patuisse
249 811 311 876 hoc
334 822 470 896 tempus
492 833 534 878 ex
557 835 621 897 quo
645 813 687 876 nil
709 815 879 896 perdidisti.
918 835 1088 899 numquam
1109 825 1314 898 aconspectu

106 931 150 982 tuo
179 921 311 982 recessit.
357 920 417 982 sub
447 920 543 984 oculis
573 921 633 984 tuis
656 921 758 984 studia
781 920 928 985 formauit
950 921 1132 984 excellentis
1155 921 1258 1004 ingeni
1282 930 1339 986 ets

104 1026 249 1108 aequaturi
272 1047 377 1101 auum,
401 1027 456 1090 nisi
479 1027 652 1091 obstitisset
675 1028 869 1104 uerecundia,
892 1049 972 1110 quae
998 1026 1312 1111 multorumproiec·

80 1139 144 1196 ltus
165 1133 284 1197 silentio
315 1124 435 1216 pressit.
482 1134 666 1198 adulescens
697 1136 869 1198 rarissimae
901 1134 1022 1198 formae
1053 1135 1082 1196 in
1107 1145 1171 1198 tam
1197 1155 1314 1217 magna

103 1240 272 1304 feminarum
296 1241 390 1304 turba
412 1241 496 1305 uiros
520 1243 788 1324 corrumpentium
810 1241 921 1304 nullius
944 1262 978 1305 se
1001 1243 1067 1324 spei
1090 1242 1249 1324 praebuit,
1282 1251 1313 1304 et

103 1367 164 1410 cum
179 1348 374 1430 quarumdam
391 1367 489 1429 usque
505 1347 546 1410 ad
555 1349 776 1428 temptandum
789 1349 981 1430 peruenisset
994 1349 1174 1430 inprobitas
1191 1347 1313 1411 erubuit

14 1527 15 1530 Ἴ
103 1455 178 1535 quasi
198 1462 374 1535 peccasset,
396 1453 481 1535 quod
505 1453 673 1536 placuerat
718 1454 778 1517 hac
801 1455 965 1517 sanctitate
989 1474 1112 1518 morum
1137 1454 1254 1528 effecit,
1279 1463 1313 1516 ut
1328 1477 1352 1517 ru
1385 1443 1391 1452 ’

103 1581 170 1641 puer
197 1560 371 1624 admodum
404 1562 516 1642 dignus
546 1561 725 1624 sacerdotio
759 1561 928 1636 uideretur,
961 1569 1103 1624 materna
1125 1562 1191 1624 sine
1215 1561 1312 1623 dubio
1406 1594 1410 1605 ·

14 1695 15 1704 ¹
102 1667 319 1748 suffragatione,
336 1667 393 1729 sed
408 1686 448 1728 ne
464 1675 565 1730 mater
580 1667 707 1748 quidem
724 1667 780 1729 nisi
795 1687 853 1748 pro
870 1668 957 1730 bono
974 1666 1142 1730 candidato
1158 1667 1312 1730 ualuisset.

77 1773 199 1835 lharum
216 1772 484 1853 contemplatione
500 1773 647 1836 uirtutum
665 1771 760 1836 filium
777 1793 853 1854 gere
868 1774 956 1855 quasi
971 1775 1001 1836 in
1017 1775 1184 1849 sinu,nunc
1195 1773 1244 1836 ille
1258 1773 1313 1836 tibi

13 1915 14 1944 1
105 1880 190 1962 magis
205 1887 303 1942 uacat.
333 1899 414 1940 nunc
430 1878 503 1941 nihil
519 1878 624 1952 habet,
641 1899 705 1961 quo
722 1889 878 1942 auocetur.
904 1899 1075 1962 numquam
1092 1881 1149 1943 tibi
1165 1879 1310 1943 sollicitu-

105 1985 164 2059 dini,
178 2005 348 2067 numquam
373 1985 507 2048 maerori
531 1987 595 2047 erit.
633 1986 720 2067 quod
744 2005 839 2048 unum
857 1995 980 2048 erutam
997 1985 1163 2049 bonofilio
1184 1995 1311 2069 poteras
1329 2007 1351 2048 rs

104 2089 205 2168 dolere,
221 2091 364 2156 doluisti:
390 2101 502 2168 cetera,
519 2101 671 2174 exempta
681 2092 812 2168 casibus,
828 2091 921 2173 plena
931 2091 1099 2174 uoluptatis
1109 2101 1189 2168 sunt,
1205 2093 1230 2154 si
1241 2112 1308 2155 mo-

105 2199 140 2260 do
162 2201 201 2263 uti
223 2198 286 2263 filio
310 2200 379 2274 scis,
402 2199 425 2260 si
443 2200 543 2262 modo
561 2199 636 2281 quid
652 2199 682 2261 in
699 2198 750 2261 illo
766 2199 1025 2280 pretiosissimum
1043 2197 1133 2263 suerit
1149 2198 1310 2280 intellegis.

77 2305 195 2387 binago
217 2307 387 2370 dumtaxat
409 2305 451 2367 fili
474 2306 517 2368 tui
540 2306 631 2388 periit
654 2313 686 2368 et
701 2303 820 2386 effigies
836 2326 899 2368 non
915 2303 1077 2380 simillima,
1100 2306 1167 2388 ipse
1182 2306 1310 2386 quidem

103 2419 233 2476 aeternus
263 2413 461 2494 meliorisque
489 2432 573 2474 nunc
600 2421 701 2475 status
724 2422 787 2488 est,
820 2413 1012 2494 despoliatus
1035 2411 1182 2475 oneribus
1205 2410 1311 2475 alienis

11 2549 12 2558 κ
104 2529 130 2580 et
148 2519 202 2584 sibi
224 2519 356 2584 relictus.
395 2521 474 2584 haec
496 2539 577 2602 quae
600 2518 688 2581 uides
712 2519 905 2582 circumdata
927 2519 1019 2581 nobis
1040 2538 1121 2594 ossa,
1145 2539 1258 2582 neruos
1279 2528 1311 2581 et
1325 2539 1350 2580 uu

10 2609 11 2616 ¹
104 2625 260 2691 obductam
292 2637 398 2690 cutem
430 2627 612 2708 uoltumque
642 2635 674 2688 et
705 2627 860 2690 ministras
883 2645 994 2688 manus
1017 2635 1049 2688 et
1073 2633 1177 2689 cetera
1199 2626 1311 2707 quibus

10 2743 12 2770 f
104 2733 217 2797 inuoluti
238 2754 363 2810 sumus,
386 2733 506 2798 uincula
528 2734 705 2796 animorum
729 2733 942 2814 tenebraeque
964 2740 1044 2794 sunt.
1090 2732 1231 2795 obruitur
1254 2731 1310 2807 his,

104 2838 248 2916 offocatur,
271 2839 412 2915 inficitur,
435 2849 558 2903 arcetur
580 2860 599 2901 a
622 2840 702 2902 ueris
726 2847 757 2901 et
780 2839 842 2901 suis
865 2839 895 2900 in
916 2837 993 2901 salsa
1009 2838 1175 2900 coniectus.
1214 2858 1309 2900 omne

10 2995 11 3000 ,
104 2944 136 3007 illi
163 2967 229 3010 cum
260 2947 321 3010 hac
351 2951 437 3030 graui
468 2967 562 3010 came
592 2955 751 3016 certamen
783 2955 847 3020 est,
879 2965 919 3007 ne
942 2942 1142 3010 abstrahatur
1165 2953 1197 3008 et
1219 2943 1308 3006 sidat.

104 3141 298 3152 m

105 3281 238 3348 lcomputa
324 3281 339 3334 l
360 3299 388 3332 ex
406 3299 455 3348 quo
469 3245 498 3286 η’]
512 3283 614 3347 pdidisti
703 3297 835 3347 numquam
855 3298 869 3330 a
888 3289 1020 3346 conspectu
1040 3278 1306 3334 runnudererr'orum:

103 3393 218 3445 numquam
231 3384 362 3445 conspectu
416 3379 467 3432 ·lO
485 3363 549 3454 haris
568 3381 698 3430 sanctitate
784 3377 814 3431 13
834 3394 892 3443 gere
904 3379 973 3442 quasi
992 3379 1016 3426 in
1035 3378 1096 3439 sinu,
1116 3393 1179 3428 nuuc
1194 3373 1309 3448 Madue'q

103 3475 170 3539 (quasi
187 3480 236 3527 sinu
258 3474 340 3531 Gertz
359 3476 417 3530 stite
435 3475 567 3544 rational:
588 3477 640 3544 geri
659 3493 733 3543 quam
752 3477 773 3539 si
791 3491 854 3526 nunc
959 3473 990 3528 lt
1010 3483 1124 3526 euocetur
1144 3472 1306 3529 Pincianus:

101 3572 187 3615 uocetur
284 3565 316 3618 16
335 3572 430 3628 cetera,
456 3575 570 3633 exempta
596 3565 693 3621 Gertz:
721 3562 802 3617 ceteia
827 3572 939 3630 exempta
963 3562 1062 3633 uulqo:
1090 3571 1171 3615 cetera
1196 3565 1309 3630 exempla

179 3654 209 3708 17
228 3657 261 3706 uti
280 3652 378 3722 uutqo:
399 3663 424 3704 ut
511 3656 542 3709 ld
561 3657 632 3722 periit
651 3652 749 3725 uulqo:
770 3655 833 3720 perit
919 3654 1014 3719 efligies
1033 3651 1197 3706 deteriores:
1218 3653 1309 3702 efficies

178 3742 209 3796 19
234 3750 310 3794 status
336 3742 499 3798 deteriores:
527 3744 601 3794 satius
709 3741 742 3796 20
766 3744 916 3793 circumdata
941 3742 1013 3792 nobis
1032 3758 1102 3804 ossa,
1126 3757 1213 3792 neruos
1233 3738 1309 3794 Koch

101 3830 233 3885 recaredum
251 3831 354 3887 codicis
371 3832 536 3902 scripturam
555 3831 678 3886 habentis
697 3833 788 3882 circum
806 3832 878 3881 nobis
891 3847 955 3892 ossa,
974 3845 1029 3884 non
1048 3846 1104 3880 ossa
1123 3831 1214 3880 circum
1227 3831 1308 3890 nobis,

101 3933 144 3986 quo
168 3919 241 3989 salso
268 3919 451 3990 fuitdamento
476 3920 531 3974 nisi
553 3919 726 3975 coniecerunt
750 3916 865 3988 Maduip
890 3935 946 3969 ossa
970 3936 999 3969 ac
1022 3919 1189 3969 circumdatos
1213 3919 1308 3968 ossibus

101 4023 183 4072 nauus,
198 4008 278 4064 Gertz
298 4027 354 4060 ossa
367 4027 397 4060 ac
410 4011 600 4060 circumuolutos
619 4011 649 4058 iis
668 4025 769 4066 neruos;
790 4007 877 4062 uerba
889 4009 1040 4058 circumdata
1054 4008 1125 4058 nobis
1138 4023 1201 4064 ossa,
1221 4023 1308 4056 neruos

101 4096 250 4166 respondent
269 4097 403 4153 obductae
421 4097 477 4151 cuti
487 4103 513 4152 et
528 4099 625 4152 veteru
637 4095 735 4166 quibus
747 4095 938 4152 cucumuolru'
949 4111 1044 4150 sumus
1134 4095 1165 4148 21
1187 4095 1305 4160 uultumq;
1355 4089 1358 4094 “

171 4186 203 4240 22
216 4188 326 4242 obruitur
338 4188 377 4238 his
389 4201 449 4239 cum
462 4184 555 4240 codice
567 4183 691 4254 Madm'p,
704 4187 813 4236 obruitur
825 4188 864 4236 luis
877 4187 970 4235 animus
984 4182 1066 4255 sculpo
1143 4184 1176 4236 23
1190 4175 1308 4248 efliugatur

101 4271 151 4327 cod.
168 4278 286 4327 offocatur
302 4271 422 4345 Georpes
440 4275 481 4342 (ut
497 4272 532 4329 de
544 4272 620 4329 brou.
638 4275 710 4329 uitae
727 4277 751 4340 2,
764 4275 792 4340 4)
813 4275 943 4326 offuscatur
955 4271 1037 4344 uulpo
1049 4273 1180 4324 suffocatur
1192 4268 1307 4342 Maduip

172 4367 264 4416 aceris
283 4361 446 4420 Firmanus:
468 4365 558 4415 auersis
639 4365 746 4414 coiectus
830 4363 864 4416 24
882 4364 953 4428 graui
972 4378 1046 4412 carne
1064 4357 1125 4415 cod.
1145 4376 1218 4411 came
1236 4364 1307 4426 graui

100 4447 171 4520 uulpo
257 4454 401 4504 subtrahatur
