3234 5336
289 300 330 358 24
486 343 491 350 ἱ
559 291 638 333 ulnL.
659 291 688 334 11.
708 292 749 332 AD
769 291 911 334 SERENVM
929 293 990 334 NEC
1010 292 1151 334 lNIVRIAM
1171 293 1231 334 NEC

287 451 321 502 ut
344 439 477 502 alterum
501 439 567 501 sine
590 438 690 501 altero
714 460 782 500 esse
805 441 914 521 possit,
946 438 1078 502 alterum
1103 440 1168 500 sine
1192 438 1292 501 altero
1316 460 1379 501 non
1402 442 1498 520 possit.

287 547 376 628 quod
408 547 478 608 dico
511 545 653 608 conabor
680 544 783 608 lacere
811 545 1018 609 manifestum.
1072 567 1201 628 possum
1232 548 1333 629 pedes
1372 567 1498 622 mouere,
1564 619 1566 623 .

289 663 324 716 ut
354 675 419 716 non
450 673 590 715 curram:
625 673 749 714 currere
782 674 845 716 non
873 674 1018 734 possum,
1051 661 1084 714 ut
1114 655 1214 736 pedes
1250 673 1314 724 non
1353 675 1498 716 moueam.

290 781 429 843 possum,
453 761 596 842 quamuis
619 761 649 822 in
672 781 755 841 aqua
777 761 844 834 sim,
867 782 932 823 non
964 767 1090 823 natare:
1124 761 1149 821 si
1173 769 1262 835 nato,
1294 781 1358 821 non
1382 782 1499 843 possum

263 868 320 928 sin
344 888 425 949 aqua
456 889 519 928 non
543 886 620 928 esse.
674 887 715 928 ex
747 865 806 928 hac
836 876 920 928 sorte
950 877 981 930 et
1012 865 1074 929 hoc
1107 878 1155 930 est
1178 868 1219 929 de
1243 889 1308 949 quo
1331 867 1438 948 agitur.
1479 869 1526 929 sit

290 975 428 1037 iniuriam
453 974 567 1055 accepi,
599 993 727 1036 necesse
755 983 803 1035 est
833 972 948 1036 tactam
980 995 1057 1036 esse.
1104 976 1151 1036 sin
1179 981 1227 1036 est
1252 973 1343 1049 tacta,
1373 995 1435 1035 non
1461 983 1501 1036 est

291 1102 419 1143 necesse
442 1082 599 1162 accepIsse
623 1103 683 1144 me.
730 1080 829 1142 multa
852 1081 933 1143 enim
958 1083 1096 1144 incidere
1118 1091 1253 1164 possunt
1268 1102 1350 1163 quae
1373 1103 1500 1144 summo-

292 1197 385 1254 ueaut
409 1189 557 1250 iniuriam.
595 1198 629 1250 ut
651 1189 837 1250 intentatam
862 1209 989 1250 manum
1015 1189 1137 1250 deicere
1161 1187 1270 1270 aliquis
1294 1209 1384 1251 casus
1406 1199 1502 1272 potest

292 1305 324 1358 et
355 1296 469 1357 emissa
496 1294 560 1356 tela
583 1293 754 1370 declinare,
786 1296 828 1356 ita
851 1296 973 1358 iniurias
1001 1295 1247 1376 qualescumque
1275 1304 1383 1377 potest
1410 1297 1501 1377 aliqua

254 1425 278 1464 ιο
293 1425 341 1466 res
364 1401 516 1484 repellere
539 1411 571 1464 et
593 1403 624 1464 in
648 1404 753 1466 medio
777 1404 968 1484 intercipere,
993 1412 1026 1464 ut
1043 1412 1075 1465 et
1091 1402 1191 1464 iactae
1207 1404 1267 1465 sint
1283 1423 1341 1464 nec
1356 1413 1501 1484 acceptae.

380 1509 467 1570 VIII.
513 1509 679 1572 Praeterea
709 1510 823 1571 iustitia
850 1508 923 1572 nihil
953 1509 1099 1572 iniustum
1123 1511 1187 1590 pati
1211 1519 1334 1592 potest,
1357 1511 1428 1591 quia
1449 1523 1527 1572 nont

293 1626 408 1678 coeunt
431 1617 593 1677 contraria.
640 1617 746 1678 iniuria
768 1625 875 1678 autem
899 1637 962 1678 non
986 1627 1094 1698 potest
1116 1615 1181 1678 fieri
1204 1618 1260 1678 nisi
1284 1610 1408 1678 iniuste:
1436 1635 1502 1696 ergo

293 1723 424 1811 sapienti
447 1723 554 1784 iniuria
577 1744 640 1784 non
672 1731 779 1804 potest
807 1722 880 1784 fieri.
934 1743 992 1785 nec
1022 1732 1070 1785 est
1094 1725 1182 1805 quod
1206 1725 1341 1798 mireris,
1372 1725 1502 1784 sinemo

293 1829 334 1910 illi
358 1839 464 1910 potest
488 1829 627 1914 iniuriam
651 1829 775 1892 lacere:
807 1851 848 1892 ne
871 1832 1023 1911 prodesse
1053 1831 1181 1913 quidem
1210 1830 1375 1912 quisquam
1398 1840 1502 1911 potest.

257 1966 280 2005 n
295 1946 327 1998 et
350 1937 481 2018 sapienti
507 1935 579 1998 nihil
604 1938 694 1998 deest
710 1936 797 2017 quod
821 1938 962 2019 accipere
985 1939 1085 2019 possit
1101 1937 1173 2000 loco
1190 1939 1336 2012 muneris,
1360 1946 1392 1999 et
1413 1937 1502 1998 malus

294 2042 367 2106 nihil
390 2052 497 2125 potest
527 2043 658 2124 dignum
689 2044 825 2105 tribuere
856 2046 1005 2126 sapiente.
1051 2044 1169 2106 habere
1201 2046 1284 2106 enim
1304 2045 1396 2126 prius
1418 2045 1503 2105 debet

294 2171 389 2233 quam
420 2152 504 2212 dare.
554 2133 628 2210 nihil
666 2159 772 2212 autem
811 2150 909 2212 habet
939 2151 1027 2231 quod
1055 2151 1097 2212 ad
1127 2150 1161 2212 se
1199 2151 1355 2212 transferri
1392 2151 1503 2233 sapiens

296 2259 457 2339 gauisurus
480 2258 527 2319 sit.
573 2278 637 2318 non
661 2266 767 2339 potest
792 2278 868 2339 ergo
892 2257 1057 2339 quisquam
1087 2266 1140 2319 aut
1172 2278 1287 2320 nocere
1311 2259 1438 2339 sapienti
1459 2263 1528 2318 autt

295 2366 457 2446 prodesse,
480 2365 638 2444 quoniam.
653 2365 758 2426 diuma
781 2385 839 2426 nec
862 2366 958 2426 iuuari
981 2363 1160 2427 desiderant
1183 2385 1242 2426 nec
1270 2364 1353 2426 laedi
1376 2372 1502 2447 possunt.

257 2473 420 2552 insapiens
437 2479 542 2532 autem
560 2472 677 2532 uicinus
693 2473 920 2553 proximusque
937 2472 985 2533 dis
1001 2471 1151 2545 consistit,
1175 2480 1313 2553 excepta
1329 2470 1503 2534 mortalitate

297 2576 402 2640 similis
427 2579 497 2638 deo.
521 2579 563 2638 ad
586 2576 637 2638 illa
659 2578 1148 2659 nitens‘pergensqueexcelsa,
1174 2579 1333 2654 ordinata,
1358 2571 1503 2658 intrepida,

298 2683 418 2764 aequali
443 2693 475 2745 et
498 2685 646 2746 concordi
670 2705 761 2746 cursu
785 2684 926 2760 fluentia,
950 2705 1075 2759 secura,
1100 2684 1251 2765 benigna,
1284 2689 1369 2748 bono
1393 2683 1502 2767 publico

247 2819 250 2823 ⁴
298 2799 383 2866 nata,
407 2801 439 2852 et
462 2791 519 2853 sibi
543 2799 575 2852 et
598 2790 663 2852 aliis
687 2790 833 2852 salutaria
855 2790 928 2852 nihil
952 2789 1069 2852 humile
1093 2793 1302 2872 concupiscet,
1327 2792 1400 2854 nihil
1422 2790 1503 2852 flebit.

298 2903 349 2978 qui
373 2898 483 2959 rationi
507 2898 630 2958 innixus
653 2919 710 2978 per
740 2897 895 2959 humanos
927 2917 1016 2958 casus
1041 2898 1147 2960 diuino
1171 2899 1286 2960 incedit
1310 2901 1429 2972 animo,
1450 2899 1529 2957 non3

258 3029 283 3071 2⁵
297 3004 395 3066 habet
411 3005 495 3065 unde
519 3004 649 3084 accipiat
672 3004 820 3065 iniuriam.
867 3003 908 3066 ab
924 3003 1053 3065 homine
1073 3025 1125 3065 me
1141 3013 1265 3066 tantum
1282 2981 1386 3067 dicere
1408 3006 1503 3086 putas?

298 3131 338 3172 ne
362 3131 381 3171 a
403 3110 528 3171 fortuna
550 3111 694 3190 quidem,
726 3131 807 3192 quae
840 3111 984 3192 quotiens
1013 3131 1085 3173 cum
1116 3112 1231 3174 uirtute
1266 3132 1433 3204 congressa
1458 3116 1504 3181 est,

299 3237 471 3298 numquam
495 3238 552 3300 par
568 3201 700 3279 recessit.
744 3218 770 3279 si
793 3217 969 3278 maximum
992 3216 1077 3292 illud,
1101 3217 1182 3279 ultra
1204 3219 1293 3300 quod
1309 3219 1383 3280 nihil
1404 3217 1505 3280 habent

299 3324 394 3386 iratae
418 3323 503 3404 leges
527 3344 564 3385 ac
586 3324 763 3386 saeuissimi·
781 3325 900 3386 domini
923 3325 1010 3405 quod
1034 3325 1199 3400 minentur,
1222 3326 1252 3387 in
1275 3347 1340 3406 quo
1357 3324 1503 3407 imperium

299 3450 390 3492 suum
429 3429 552 3492 fortuna
590 3431 754 3504 consumit,
793 3450 896 3512 aequo
934 3429 1120 3511 placidoque
1152 3433 1257 3494 animo
1290 3431 1503 3512 accipimuset

300 3661 452 3714 ssinniuria
549 3663 586 3726 sin
604 3657 695 3712 Koch:
717 3663 759 3710 si*
867 3659 1047 3713 Sintenlalam
1067 3678 1166 3711 manum
1186 3659 1245 3714 cod.
1262 3659 1385 3714 Gentert':
1406 3661 1504 3710 intentata

299 3767 374 3800 manu
458 3749 596 3802 nimmissa
611 3746 692 3802 Gertz
768 3749 799 3801 14
819 3749 1062 3818 interpunctionem
1074 3765 1092 3802 α
1104 3747 1233 3803 Ft'clrerto
1248 3749 1385 3804 turbatam
1400 3747 1503 3814 (mirerisz

300 3841 340 3892 si.
355 3881 361 3895 ,
376 3840 465 3902 tacere,
480 3837 520 3906 ne)
535 3837 652 3891 restituit
666 3836 747 3891 Gertz
802 3840 837 3889 illi
850 3843 930 3904 potest
943 3836 1001 3892 cod.
1016 3845 1097 3903 potest
1111 3839 1146 3888 illi
1161 3837 1242 3908 uutqo
1300 3839 1331 3892 19
1351 3840 1416 3903 ledi*
1421 3838 1504 3902 possunt

583 3925 597 3964 d

354 3999 388 4052 20
408 3957 445 4048 dlis
517 3999 548 4050 21
571 3982 638 4071 attila
711 3999 744 4050 23
764 3994 863 4049 humilia
942 3999 975 4051 24
994 3999 1235 4068 interpunctionem
1254 3997 1405 4052 emendauit
1424 3993 1505 4051 Gert:,·

298 4105 440 4173 tnttflebu
458 4108 561 4171 qui...
583 4108 678 4158 animo.
697 4122 747 4154 non
824 4107 915 4155 incedit
934 4104 1036 4176 Neap.:
1057 4108 1153 4156 incedet
1231 4106 1264 4158 25
1285 4107 1348 4155 unde
1361 4101 1501 4156 Pincianus:

301 4215 343 4263 ubi
450 4211 484 4265 26
504 4191 759 4276 ·af0rmnaq11idt'tque
867 4206 965 4276 q⁰tiens
1073 4211 1119 4274 28,
1132 4215 1198 4278 quod
1222 4213 1343 4261 minentur
1360 4208 1500 4263 Pincianus:

505 4285 511 4306 I

302 4300 565 4385 mrnjejtannrnmuso
584 4319 651 4384 quod
670 4316 792 4388 (praeter
809 4324 910 4387 punctu
930 4336 960 4368 ne
972 4319 1186 4388 superscriptum
1205 4334 1264 4372 esse
1281 4317 1395 4380 uidetur,
1413 4309 1503 4379 etipsa

303 4424 398 4461 ntanus
417 4407 504 4462 altera
524 4412 643 4459 minentur
662 4405 781 4460 uoluisse
800 4405 938 4472 uideatur)
