3212 5326
471 317 551 361 nlnL.
567 317 607 360 111.
633 319 673 360 DE
688 319 740 360 IRA
755 317 810 360 ΗΒ.
827 318 844 360 1.
864 321 898 362 20.
913 320 946 360 21.
1278 325 1318 384 55

108 465 175 528 hanc
204 465 269 528 eius
297 483 411 527 uocem
440 466 482 527 ad
513 465 686 528 incitandas
718 464 951 528 coniuratorum
991 473 1114 526 mentes
1150 444 1317 526 addidisse.

111 571 227 659 ultimae⁸
244 571 329 634 enim
351 571 521 653 patientiae
537 572 637 634 uisum
662 579 710 632 est
734 590 805 633 eum
823 569 910 646 serre,
935 571 986 651 qui
1003 571 1112 632 iouem
1135 590 1200 632 non
1214 569 1317 634 ferret.

87 685 96 736 l
184 676 269 742 XXI.
315 676 401 742 Nihil
432 697 510 758 ergo
542 677 572 738 in
603 677 665 752 ira,
689 696 728 738 ne
753 695 824 738 cum
848 676 972 738 uidetur
995 677 1124 757 quidem
1147 675 1320 740 uehemens

112 793 136 848 et
163 784 237 850 deos
268 782 475 866 hominesque
505 783 699 865 despiciens,
735 781 1005 863 magnum,·nihil
1035 782 1142 845 nobile
1166 791 1222 848 est.
1268 793 1322 845 aut

113 892 132 954 si
154 891 270 952 uidetur
307 888 397 952 alicui
436 909 587 970 magnum
625 889 765 952 animum
804 890 849 950 ira
886 889 1070 972 producere,
1108 889 1250 952 uideatur
1288 898 1348 952 ets

113 997 232 1058 luxuria:
268 996 367 1059 ebore
403 995 545 1058 sustineri
576 993 657 1070 uult,
689 1013 826 1078 purpura
857 995 977 1071 uestiri,
1009 1015 1085 1058 auro
1116 997 1190 1076 tegi,
1221 1005 1321 1060 terras

114 1101 278 1178 transferre,
312 1103 410 1164 maria
438 1100 639 1176 concludere,
679 1100 807 1164 flumina
835 1101 1058 1184 praecipitare,
1095 1121 1226 1166 nemora
1254 1124 1319 1164 sus-

89 1207 239 1292 tpendere.
278 1209 421 1270 uideatur
444 1217 476 1272 et
499 1207 627 1271 auaritia
651 1209 758 1288 magni
781 1209 895 1270 animi:
922 1209 1040 1272 aceruis
1055 1210 1121 1272 auri
1136 1210 1320 1291 argentique
1352 1271 1360 1286 ,

113 1315 220 1378 incubat
250 1324 283 1376 et
314 1313 544 1397 prouinciarum
575 1310 759 1378 'nominibus
791 1333 888 1395 agros
919 1311 992 1377 colit
1024 1323 1056 1378 et
1093 1315 1152 1378 sub
1190 1314 1319 1396 singulis

112 1417 205 1483 uillicis'
241 1419 369 1483 latiores
407 1419 505 1483 habet
543 1420 621 1482 lines
659 1440 755 1502 quam
793 1441 874 1502 quos
912 1420 1056 1484 consules
1098 1420 1318 1484 sortiebantur.
1336 1439 1359 1480 n

89 1527 235 1595 auideatur
258 1535 290 1590 et
313 1525 411 1589 libido
435 1527 542 1608 magni
565 1526 677 1589 animi:
709 1533 885 1590 transnatat
908 1525 995 1602 freta,
1019 1547 1188 1609 puerorum
1202 1546 1319 1610 greges

113 1641 217 1708 castrat,
239 1632 298 1695 sub
323 1631 463 1714 gladium
488 1633 589 1698 mariti
605 1634 694 1694 uenit·
708 1631 811 1714 [uxor]
829 1641 933 1696 morte
949 1641 1143 1715 contempta.
1176 1634 1319 1698 uideatur

113 1747 137 1799 et
155 1737 277 1801 ambitio
309 1739 416 1820 magni
446 1740 557 1801 animi:
592 1758 657 1801 non
687 1747 736 1801 est
759 1746 910 1802 contenta
940 1738 1113 1802 honoribus
1136 1741 1261 1816 annuiS,
1294 1742 1321 1803 si

112 1843 162 1906 lieri
182 1854 294 1926 potest,
317 1865 381 1908 uno
404 1846 532 1907 nomine
555 1864 714 1926 occupare
743 1844 841 1909 fastus
865 1844 938 1921 uult,
972 1866 1028 1928 per
1051 1865 1181 1908 omnem
1205 1846 1319 1911 orbem

86 1950 199 2012 ltitulos
222 1952 397 2032 disponere.
452 1951 559 2014 omnia
581 1952 641 2014 ista
670 1971 736 2014 non
767 1949 862 2014 refert
892 1952 922 2012 in
953 1959 1106 2033 quantum
1140 1955 1317 2035 procedant
1334 1971 1359 2012 u

111 2059 329 2139 extendantque
360 2076 403 2119 se.
449 2067 583 2137 angusta
614 2066 702 2134 sunt,
734 2058 861 2133 misera,
885 2059 1052 2141 depressa:
1086 2058 1155 2121 sola
1177 2059 1319 2124 sublimis

110 2170 134 2223 et
153 2164 272 2228 excelsa
296 2164 392 2226 uirtus
416 2172 472 2240 est,
496 2184 555 2227 nec
583 2165 750 2248 quicquam
783 2185 933 2246 magnum
962 2173 1011 2226 est
1033 2163 1092 2227 nisi
1113 2166 1201 2246 quod
1224 2167 1318 2230 simul

52 2287 55 2298 ·
109 2267 254 2348 placidum.

110 2512 122 2563 6
137 2509 201 2564 terra⁵
220 2515 288 2584 (sm.
298 2531 346 2586 pr.
360 2518 510 2586 superscr.)
585 2518 615 2569 ll
627 2519 741 2568 uideatur
755 2518 779 2584 (u
791 2531 835 2588 pr.
849 2515 875 2568 in
890 2517 958 2581 ras.)
1034 2517 1066 2569 12
1086 2519 1150 2567 uenit
1173 2482 1252 2570 morte
1269 2519 1320 2573 sed

111 2636 132 2688 in
148 2654 224 2708 ruam.
244 2645 272 2693 nt
291 2637 347 2694 uid.
367 2656 401 2694 m.
420 2656 474 2695 rec.
493 2605 573 2702 inor,
597 2657 678 2710 quam
697 2645 790 2694 docem
810 2638 900 2694 adbuc
925 2638 1065 2710 uulqalom
1090 2639 1234 2696 delendam
1259 2657 1319 2698 esse

111 2723 167 2778 uidit
184 2724 259 2780 Gertz
373 2728 402 2780 ll
422 2729 496 2779 fastus
515 2730 537 2794 (s
556 2735 629 2783 extr.
648 2729 674 2782 r'n
694 2729 762 2796 rac.)
