3212 5318
329 363 406 408 ulau.
419 363 447 407 X.
478 365 518 405 Al)
535 364 688 408 l‘AVldNVM
705 366 744 408 DE
760 365 928 408 BREVlTA'l'E
943 365 1039 408 Vl‘l'Ali.
1072 369 1103 409 lt.
1265 371 1329 432 239

91 523 98 575 l
195 508 268 573 XV.
299 509 423 572 Horum
447 519 480 572 te
504 513 584 574 mori
608 531 703 574 nemo
728 521 841 592 coget:
876 531 987 576 omnes
1009 510 1177 574 docebunt.
1215 511 1328 575 horum

13 635 14 696 l
103 635 199 708 'nemo
230 635 332 679 annos
363 627 434 680 tuos
465 627 626 682 conteret:
661 639 735 681 suos
767 619 822 681 tibi
852 617 1038 680 contribuet.
1084 617 1195 680 nullius
1218 638 1259 680 ex
1283 617 1330 680 his

114 742 208 784 sermo
233 723 428 804 periculosus
452 725 521 798 en't,
546 725 658 788 nullius
682 726 816 788 amicitia
840 723 988 808 capitalis,
1012 723 1122 787 nullius
1145 733 1331 805 sumptuosa

114 830 313 892 obseruatio·
344 830 425 893 seres
457 851 498 892 ex
530 830 603 907 illis,
635 832 785 915 quidquid
818 831 914 894 uoles.
959 851 1016 913 per
1046 831 1116 894 illos
1140 851 1202 894 non
1226 831 1330 904 stabit,

13 935 14 990 l
86 937 274 1016 aquominus
298 945 450 1018 quantum
476 939 644 1021 plurimum
662 941 802 1020 cupieris,
825 938 957 1002 haurias,
993 958 1075 1019 quae
1091 936 1176 1000 illurn
1193 936 1357 1014 felicitasi

112 1063 198 1123 quam
231 1043 363 1124 pulchra
392 1053 538 1108 senectus
567 1055 691 1120 manet,
722 1047 775 1127 qui
806 1065 840 1108 se
863 1048 893 1108 in
917 1043 1031 1108 horum
1055 1043 1231 1107 clientelam
1255 1064 1328 1106 con-

112 1149 191 1212 tulit?
233 1149 372 1226 habebit,
397 1172 469 1215 curn
494 1151 607 1234 quibus
623 1154 664 1214 de
681 1152 816 1214 minimis
832 1151 1043 1232 maximisque
1060 1150 1154 1213 rebus
1171 1149 1331 1226 deliberet,

13 1327 14 1334 ἵ
111 1276 183 1336 quos
206 1257 250 1318 de
272 1278 308 1318 se
331 1261 447 1321 cotidie
469 1257 619 1334 consulat,
643 1259 790 1341 aquibus
805 1260 912 1321 audiat
928 1279 1036 1320 uerum
1053 1258 1118 1328 sine
1134 1257 1332 1332 contumelia,

111 1361 250 1426 laudetur
289 1367 355 1426 sine
386 1365 583 1440 adulatione,
622 1367 665 1428 ad
695 1385 830 1447 quorum
862 1386 897 1428 se
927 1364 1160 1429 similitudinem
1194 1363 1331 1445 effingat.

83 1481 95 1530 :t
111 1469 245 1532 solemus
278 1472 382 1534 dicere
414 1492 477 1534 non
510 1471 602 1536 luisse
632 1473 801 1549 innostra
831 1481 1007 1554 potestate,
1039 1489 1119 1554 quos
1150 1472 1332 1534 sortiremur
1348 1488 1371 1528 u

110 1587 267 1658 parenteS,
300 1577 381 1640 sorte
413 1578 505 1640 nobis
537 1581 648 1642 datos:
691 1578 783 1641 nobis
813 1599 889 1641 uero
921 1579 962 1640 ad
994 1587 1138 1642 nostrum
1169 1577 1331 1640 arbitrium

109 1685 186 1746 nasci
217 1683 302 1746 licet.
364 1683 630 1748 nobilissimorum
662 1686 860 1767 ingeniorum
892 1683 1027 1748 familiae
1058 1693 1148 1748 sunt:
1190 1684 1271 1766 elige
1301 1687 1332 1748 in

110 1779 197 1870 quarn
232 1791 365 1852 adscisci
398 1790 483 1852 uelis.
529 1811 594 1854 non
623 1794 655 1853 in
679 1811 796 1854 nomen
821 1800 944 1854 tanturn
968 1791 1190 1872 adoptaberiS,
1221 1792 1279 1854 sed
1302 1793 1333 1854 in

109 1896 170 1976 ipsa
209 1897 314 1971 bona,
354 1916 436 1977 quae
467 1917 531 1960 non
563 1906 654 1960 erunt
673 1896 812 1960 'sordide
843 1918 902 1960 nec
935 1896 1072 1979 maligne
1103 1897 1330 1961 custodienda:

82 2011 91 2063 l
110 2005 227 2065 maiora
251 2002 337 2078 fient,
362 2023 426 2084 quo
449 2003 500 2068 illa
522 2004 661 2086 pluribus
686 2005 833 2066 diuiseris.
878 2005 910 2066 hi
933 2003 990 2066 tibi
1006 2003 1128 2066 dabunt
1143 2003 1183 2066 ad
1200 2004 1330 2066 aeterni·
1350 2021 1373 2062 u

109 2117 202 2181 tatem
229 2111 289 2172 iter
311 2118 344 2173 et
366 2120 398 2174 te
413 2112 444 2172 in
460 2110 545 2174 illum
561 2111 677 2187 locum,
701 2133 743 2174 ex
759 2131 823 2194 quo
839 2131 934 2174 nemo
950 2111 1089 2186 deicitur,
1113 2109 1333 2174 subleuabunt.

109 2215 181 2279 haec
213 2237 278 2278 una
308 2218 387 2280 ratio
417 2226 465 2279 est
489 2219 713 2280 extendendae
737 2217 952 2294 mortalitatis,
983 2219 1082 2280 immo
1106 2218 1139 2279 ia
1162 2217 1331 2280 inmortali-

109 2330 202 2386 tatem
246 2325 424 2386 uertendae.
486 2323 642 2400 honoreS,
681 2327 892 2400 monimenta,
931 2326 1084 2406 quidquid
1114 2334 1169 2387 aut
1199 2325 1334 2388 decretis

109 2430 238 2494 ambitio
271 2430 358 2492 iussit
388 2440 442 2494 aut
472 2431 621 2513 operibus
653 2434 827 2508 exstruxit,
860 2431 922 2494 cito
954 2433 1119 2495 subruitur.
1165 2431 1240 2495 nihil
1270 2451 1333 2494 non

109 2535 201 2616 longa
235 2538 405 2600 demolitur
436 2547 575 2602 uetustas
606 2548 638 2602 et
662 2550 789 2603 mouet:
824 2548 857 2601 at
881 2541 930 2614 iis,
961 2559 1043 2621 quae
1067 2541 1262 2602 consecrauit
1284 2557 1332 2600 sa·
1348 2553 1374 2596 ao

12 2689 13 2696 .
108 2643 238 2723 pientia,
269 2645 374 2706 noceri
397 2664 461 2706 non
484 2653 599 2727 potest.
646 2643 729 2707 nulla
752 2645 894 2708 abolebit
918 2655 1020 2720 aetas,
1044 2644 1128 2708 nulla
1152 2646 1330 2708 deminuet:

109 2769 242 2830 sequens
267 2769 304 2812 ac
326 2752 440 2812 deinde
456 2771 584 2833 semper
599 2751 726 2814 ulterior
743 2752 857 2834 aliquid
875 2754 915 2814 ad
932 2755 1168 2815 uenerationem
1185 2750 1333 2826 conferet,

12 2897 14 2904 ·
108 2858 257 2937 quoniam
282 2858 411 2937 quidem
436 2857 465 2918 in
490 2858 591 2920 uicino
615 2867 757 2920 uersatur
777 2859 899 2933 inuidia,
914 2858 1091 2941 simplicius
1115 2857 1210 2938 longe
1231 2859 1334 2940 posita

81 2969 93 3020 t»
110 2966 267 3026 miramur.
313 2966 461 3047 sapientis
485 2985 562 3044 ergo
587 2963 720 3028 multum
744 2974 833 3047 patet
857 2967 927 3027 uita.
974 2986 1038 3027 non
1062 2966 1146 3027 idem
1170 2964 1256 3026 illum
1282 2965 1334 3046 qui

109 3079 232 3133 ceteros
264 3073 415 3133 terminus
446 3071 552 3134 cludit.
613 3071 697 3134 solus
728 3074 851 3154 generis
882 3072 1009 3159 humani
1040 3071 1162 3152 legibus
1194 3070 1334 3134 soluitur.
1348 3087 1373 3128 aa

109 3179 216 3240 omnia
247 3175 288 3240 illi
319 3177 442 3240 saecula
467 3187 499 3240 ut
524 3179 586 3240 deo
609 3180 753 3241 seruiunt.
801 3180 920 3242 transiit
943 3187 1069 3262 ternpus
1093 3178 1238 3259 aliquod:
1273 3178 1334 3240 hoc

109 3285 330 3346 recordatione
359 3286 554 3367 conprendit.
599 3287 712 3348 instat:
747 3284 809 3348 hoc
832 3287 935 3349 utitur.
982 3294 1147 3347 uenturum
1171 3293 1238 3347 est:
1272 3285 1335 3348 hoc

108 3391 266 3473 praecipit.
329 3390 458 3471 longam
489 3390 530 3453 illi
561 3393 656 3454 uitam
688 3391 760 3454 iacit
791 3393 931 3454 omnium
964 3401 1143 3473 temporum
1176 3393 1204 3452 in
1237 3411 1333 3453 unum

109 3496 254 3560 conlatio

108 3693 321 3701 ——--

109 3815 123 3867 ἱ)
150 3821 280 3868 conteret.
303 3815 461 3866 ‚contribuet
483 3812 507 3867 Ε
512 3816 537 3865 ⁸:
559 3817 661 3865 conterit
684 3856 713 3868 ..
733 3817 865 3866 contribuit
990 3815 1005 3869 3
1028 3815 1173 3882 'sumptuosa
1190 3814 1261 3888 coci,
1280 3831 1334 3868 nou

108 3906 253 3970 suspiriosa3
274 3921 361 3974 neque
380 3908 421 3957 ert
432 3921 482 3958 cur
495 3920 554 3956 cum
571 3902 680 3958 Gertzio
693 3921 829 3974 reeqemus,
849 3904 1014 3975 aliquantum
1026 3906 1159 3976 pecuniae
1171 3903 1334 3958 admunrra

107 3995 233 4062 patronis
252 3992 344 4047 oblata
363 3991 504 4046 climatibus
519 3991 607 4060 fuisse
626 3992 827 4063 appendendum
918 3994 933 4044 ἵ)
953 4001 1068 4059 quantum
1087 3995 1216 4060 plurimum
1231 3995 1334 4058 cupieris

110 4079 251 4136 Illurelus:
273 4083 403 4148 plurimum
417 4088 532 4147 quantum
547 4084 640 4148 ceperis
731 4085 747 4135 u
767 4085 863 4148 aquib;
879 4083 903 4148 (n'
916 4083 944 4135 in
957 4084 1024 4150 rau.)
1118 4083 1148 4135 12
1167 4083 1333 4132 nobilissimo-

126 4171 236 4234 lgeniozt

109 4259 162 4291 rum
187 4241 276 4306 familie
398 4241 430 4296 16
454 4244 531 4301 iter.7
552 4243 595 4309 (er.
613 4257 625 4303 7
645 4243 673 4296 iu
692 4245 759 4310 ras.)
888 4243 920 4296 17
944 4218 995 4294 imno
1015 4243 1201 4296 immortalitate
1220 4244 1335 4294 uertende

201 4331 230 4384 21
254 4334 337 4382 noceri
349 4329 412 4384 oiim
426 4346 515 4386 corn:
537 4349 626 4384 nocere
716 4334 749 4386 22
769 4334 878 4384 conseret
892 4330 986 4387 Curio:
1002 4333 1095 4383 confert
1186 4331 1220 4384 25
1239 4333 1334 4397 legibus

111 4469 212 4541 uulqo:
233 4472 320 4524 lenibus
411 4474 444 4526 2ll
464 4478 574 4526 transiuit
593 4474 672 4530 dett:
694 4421 778 4525 transii
