3234 5336
337 353 342 363 ’
406 379 562 423 accroaur
582 380 644 424 cvru
664 379 871 424 Puovrosurrn
890 381 945 426 sir.
964 379 993 422 u.
1292 391 1311 450 3

60 525 230 589 lomnibus
259 526 399 589 extemis
422 527 591 610 potentior.
644 549 703 591 nec
733 528 796 592 hoc
820 528 909 604 dicu,
940 548 1004 591 non
1035 529 1128 592 sentit
1158 527 1222 605 illa,
1255 529 1313 594 sed

87 633 177 695 uincit
207 641 240 696 et
271 633 388 716 alioqui
418 635 542 717 quietus
572 634 776 718 placidusque
806 643 917 700 contra
944 637 1130 699 incurrentia
1152 635 1312 700 attollitur.

87 740 190 801 omnia
220 740 356 802 aduersa
393 741 636 803 exercitationes
674 749 773 823 putat
812 741 881 823 quis
911 749 1034 818 autern,
1074 743 1119 804 uir
1151 741 1249 804 modo
1281 750 1313 804 et

88 854 206 908 erectus
230 846 271 908 ad
295 845 445 922 honesta,
477 867 542 909 non
573 857 621 910 est
652 846 769 910 laboris
800 847 954 929 adpetens
986 848 1056 910 iusti
1088 858 1120 911 et
1148 849 1188 911 ad
1212 847 1315 912 officia

88 973 154 1016 cum
187 951 329 1034 periculo
364 956 551 1035 promptus?
590 954 639 1016 cui
678 973 742 1015 non
780 953 931 1038 industrio
970 953 1071 1018 otium
1108 975 1213 1036 poena
1243 959 1338 1018 estre

62 1067 73 1116 :t
88 1057 219 1122 athletas
243 1059 402 1134 uidemus,
433 1057 546 1141 quibus
571 1059 679 1122 uirium
704 1079 778 1122 cura
801 1068 864 1134 est,
892 1079 964 1122 cum
987 1058 1163 1122 fortissimis
1186 1060 1313 1142 quibus-

88 1186 143 1246 que
169 1165 343 1247 confligere
366 1174 399 1228 et
421 1166 549 1247 exigere
573 1165 614 1228 ab
637 1165 685 1228 his
713 1185 769 1248 per
792 1187 872 1248 quos
897 1167 1058 1230 certamini
1081 1178 1314 1254 praeparantur,

89 1283 117 1335 ut
138 1273 218 1337 totis
241 1282 354 1337 contra
375 1275 460 1355 ipsos
483 1273 598 1336 uiribus
622 1281 756 1336 utantur.
795 1273 885 1336 caedi
908 1293 942 1335 se
963 1275 1133 1356 uexarique
1156 1275 1315 1356 patiuntur

89 1392 115 1441 et
151 1381 178 1442 si
217 1400 283 1443 non
322 1379 482 1442 inueniunt
512 1379 653 1460 singulos
691 1400 799 1462 parm,
838 1379 977 1462 pluribus
1007 1380 1098 1444 simul
1129 1383 1314 1448 obiciuntur.

61 1495 206 1561 imarcet
237 1488 304 1549 sine
328 1486 507 1550 aduersario
532 1486 636 1548 uirtus.
691 1495 767 1548 tuuc
790 1495 922 1568 apparet
944 1495 1062 1568 quanta
1085 1489 1125 1549 sit
1147 1497 1313 1570 quantum·
1332 1507 1355 1548 tu

90 1613 145 1673 que
169 1592 301 1674 polleat,
334 1613 405 1656 cum
430 1593 506 1674 quid
529 1594 629 1674 possit
656 1593 807 1674 patientia
830 1593 977 1656 ostendit.
1023 1595 1103 1658 scias
1135 1594 1207 1658 licet
1230 1597 1315 1660 idem

90 1701 155 1762 uin's
187 1700 283 1761 bonis
315 1719 384 1762 esse
408 1698 599 1774 faciendum,
632 1709 665 1761 ut
698 1699 776 1762 dura
807 1718 843 1760 ac
867 1697 1001 1762 difficilia
1024 1720 1088 1762 non
1111 1699 1316 1766 reformident

90 1827 141 1868 nec
166 1807 209 1868 de
234 1805 300 1872 fato
324 1814 507 1887 querantur,
530 1805 683 1886 quidquid
707 1805 818 1868 accidit
841 1806 916 1870 boni
941 1805 1117 1882 consulant,
1140 1809 1171 1870 in
1195 1808 1316 1872 bonum

63 1921 220 1982 puertant.
268 1911 430 1994 nunquid
461 1912 518 1974 sed
541 1911 813 1992 quemadmodum
844 1910 925 1976 feras
948 1913 1085 1976 interest.
1131 1934 1195 1978 non
1220 1914 1316 1990 uides,

91 2028 206 2098 quanto
232 2017 322 2081 aliter
345 2026 459 2100 patres
482 2017 571 2081 aliter
595 2027 712 2082 matres
735 2017 938 2100 indulgeant?
964 2019 1003 2080 illi
1020 2021 1184 2084 exercitari
1207 2021 1315 2084 iubent
1330 2038 1354 2078 ιδ

90 2123 203 2188 liberos
235 2124 277 2186 ad
308 2124 412 2186 studia
443 2124 592 2188 obeunda
622 2133 759 2199 mature,
797 2123 912 2188 feriatis
949 2145 1077 2206 quoque
1109 2127 1220 2190 diebus
1252 2148 1314 2190 non

91 2232 247 2312 patiuntur
279 2251 348 2294 esse
380 2231 502 2294 otiosos
534 2238 566 2293 et
593 2232 744 2294 sudorem
775 2230 832 2294 illis
856 2239 888 2294 et
911 2232 1068 2295 interdurn
1091 2231 1235 2298 lacrimas
1258 2255 1314 2296 ex-

91 2339 216 2401 cutiunt
263 2346 297 2400 at
327 2347 444 2400 matres
476 2335 584 2400 fouere
614 2338 644 2400 in
673 2337 758 2412 sinu,
798 2338 957 2400 continere
987 2338 1017 2400 in
1053 2338 1166 2402 umbra
1196 2339 1314 2418 uolunt,

63 2463 263 2526 enumquam
287 2444 470 2518 contristari,
495 2463 667 2526 numquam
690 2443 775 2519 flere,
798 2464 971 2526 numquam
987 2442 1140 2508 laborare.
1178 2448 1313 2527 patrium

92 2553 165 2614 deus
189 2550 290 2614 habet
321 2553 473 2614 aduersus
504 2550 609 2614 bonos
640 2551 724 2614 uiros
755 2551 894 2614 animum
925 2561 957 2614 et
989 2549 1057 2614 illos
1085 2552 1206 2616 fortiter
1228 2564 1353 2618 amatu

92 2667 123 2720 et
158 2657 326 2739 operibuS,
365 2657 478 2739 inquit,
517 2655 697 2733 doloribus,
736 2657 861 2720 damnis
892 2658 1108 2739 exagitentur,
1139 2668 1174 2722 ut
1205 2679 1314 2723 uerum

92 2763 251 2846 conligant
270 2764 374 2826 robur.
413 2763 564 2845 languent
586 2785 643 2846 per
658 2764 799 2828 inertiam
815 2765 957 2846 saginata
977 2785 1035 2828 nec
1058 2764 1167 2828 labore
1191 2774 1314 2830 tanturn

93 2872 147 2932 sed
178 2879 270 2933 motu
301 2879 334 2932 et
364 2871 433 2952 ipso
463 2871 509 2932 sui
548 2889 645 2934 onere
676 2869 838 2934 deficiunt.¹
886 2891 949 2932 non
987 2870 1047 2934 fert
1085 2871 1181 2934 ullum
1219 2874 1315 2936 ictum

94 2975 206 3039 inlaesa
229 2975 376 3038 felicitas:
411 2985 444 3039 at
473 2977 522 3040 cui
553 2977 685 3040 adsidua
715 2975 771 3039 fuit
804 2998 875 3040 cum
907 2977 1116 3041 incommodis
1147 2979 1208 3042 suis
1239 2980 1315 3057 rixa,

94 3081 205 3147 callum
228 3103 286 3165 per
300 3083 431 3146 iniurias
459 3085 551 3147 duxit
578 3104 637 3146 nec
668 3082 718 3146 ulli
743 3082 827 3148 malo
856 3085 939 3148 cedit
969 3086 1028 3146 sed
1060 3086 1181 3148 etiamsi
1205 3088 1317 3150 cecidit
1330 3106 1356 3148 tn

64 3189 134 3254 lde
157 3209 240 3270 genu
256 3198 387 3272 pugnat.
434 3190 553 3252 miraris
576 3198 624 3265 tu,
655 3191 680 3252 si
711 3192 790 3254 deus
818 3188 868 3251 ille
890 3189 1049 3252 bonorum
1077 3193 1317 3270 amantissimus

93 3297 144 3376 qui
167 3295 235 3359 illos
259 3316 356 3378 quam
379 3297 519 3378 optimos
543 3317 611 3360 esse
634 3305 730 3378 atque
753 3295 1034 3360 excellentissimos
1058 3297 1136 3373 uult,
1158 3299 1316 3364 fortunam

94 3402 149 3464 illis
173 3422 244 3465 cum
269 3423 333 3485 qua
356 3413 564 3466 exerceantur
579 3404 741 3484 adsignat?
767 3422 830 3484 ego
853 3423 929 3466 uero
952 3424 1017 3466 non
1040 3405 1144 3481 miror,
1167 3407 1192 3468 si
1208 3407 1239 3469 di
1263 3406 1316 3470 ali-

93 3510 221 3588 quando
244 3510 387 3592 inpetum
411 3509 537 3592 capiunt
560 3498 724 3591 spectandi
752 3529 886 3590 magnos
910 3511 993 3574 uiros
1016 3510 1222 3576 conluctantis
1245 3533 1317 3576 curn

62 3613 195 3696 ¹saliqua
221 3613 409 3678 calamitate.
464 3615 556 3678 nobis
586 3617 744 3680 interdum
783 3617 936 3699 uoluptati
967 3624 1033 3693 est,
1071 3618 1097 3680 si
1134 3619 1318 3682 adulescens
1332 3639 1358 3680 so

96 3775 248 3783 —.----..........
266 3776 305 3784 .—

93 3897 189 3962 tipena
224 3929 227 3934 -
256 3897 286 3949 ll
302 3850 377 3962 ρ82222ι
390 3898 450 3964 (enti
469 3913 502 3953 m.
516 3912 570 3951 rec.
583 3912 722 3968 suprascr.
736 3895 788 3952 sed
804 3896 875 3952 idem
894 3901 942 3949 enti
962 3899 988 3952 in
1009 3900 1132 3971 marqine
1150 3917 1183 3954 m.
1197 3903 1223 3968 2)

94 3985 124 4036 ’13
152 3993 281 4051 querantur
371 3987 487 4052 quicquid
575 3984 699 4054 fortasse
724 3988 768 4037 sed
793 3988 911 4053 quidquid
1001 3988 1028 4039 ll
1054 3991 1246 4053 quemt'tmodum

94 4127 125 4178 15
141 4087 266 4193 indulgeitt
280 4130 306 4192 (a
318 4143 352 4182 m.
363 4126 420 4197 pr.)
500 4127 528 4178 ld
542 4136 566 4178 at
581 4129 600 4194 (t
614 4128 698 4194 corr.)
765 4088 831 4180 uolll
845 4131 871 4196 (n
884 4131 981 4200 mpr.)
1066 4131 1094 4182 lll
1108 4148 1240 4196 numquam
1254 4133 1318 4194 flere,

94 4232 229 4281 numquam
242 4217 380 4267 contristari
398 4213 488 4285 untqo,
508 4216 617 4272 inuersa
630 4215 726 4272 ordine
739 4216 809 4282 cod.¹
866 4219 899 4271 22
913 4220 1030 4284 colligant
1103 4219 1137 4272 24
1150 4220 1225 4270 inlesa
1238 4221 1317 4270 felitas

186 4307 221 4354 cui
240 4303 348 4358 Haase:
364 4305 405 4355 ubi
506 4307 603 4356 assidua
702 4304 735 4358 28
759 4309 779 4355 si
804 4307 829 4355 di
853 4305 985 4372 aliquando
1004 4305 1095 4371 Koch,
1119 4309 1257 4373 siquando
1282 4311 1316 4358 dii

94 4390 221 4462 lipsius:
242 4395 262 4442 si
281 4395 413 4459 aliquando
446 4433 451 4442 .
498 4393 532 4447 29
552 4395 647 4460 impetu
731 4397 858 4460 spectandi
877 4392 1039 4450 Pinct'armsr
1063 4401 1174 4460 spectant
1193 4397 1226 4445 dii

92 4483 126 4532 :tlt
146 4482 287 4532 adolescens
306 4485 333 4550 (o
352 4483 435 4550 corr.)

1065 4571 1103 4624 1*
