3184 5318
295 349 372 392 bini.
387 349 425 392 vt.
454 348 496 390 Ab
511 347 653 392 MARCUM
668 349 708 390 DE
722 348 965 394 CONSOLATlONE.
995 353 1029 395 ib.
1044 353 1078 395 it.
1236 357 1296 420 153

94 505 137 560 aut
156 496 252 559 inulae
274 493 372 558 ualles
394 504 449 558 aut
472 496 660 558 incertarum
676 496 759 558 uada
774 493 934 577 Syrtium:
962 495 1069 560 omnia
1084 497 1191 560 ineunt
1206 497 1299 579 plana

93 613 118 666 et
140 622 177 665 ex
200 600 277 664 facili
302 600 435 665 mobiles
459 611 490 666 et
512 601 651 685 expediti
667 611 700 666 et
715 603 846 666 inuicem
863 602 961 684 peruii
977 611 1049 666 sunt
1065 603 1299 686 intermixtique

6 753 8 804 Ι
93 708 236 772 sideribus.
1055 791 1059 800 ι

6 889 7 892 ¹
68 823 74 873 i
166 814 302 896 xxvi„
324 815 401 878 Puta
425 815 529 897 itaque
552 835 593 878 ex
618 813 668 878 illa
691 835 762 878 arce
777 815 903 878 caelesti
918 823 1042 897 patrem
1057 825 1156 892 tuum,
1173 817 1298 892 Marcia,

6 937 8 998 ζ
92 922 135 1002 [et]
157 921 202 983 cui
225 929 349 984 tantum
374 923 458 1004 apud
481 930 514 984 te
537 923 732 994 auctoritatis
755 930 832 997 erat,
856 929 1008 1003 quantum
1032 922 1088 984 tibi
1103 922 1187 1004 apud
1202 922 1326 986 filiumi

6 1029 8 1052 '
90 1039 173 1104 tuum,
195 1047 259 1091 non
283 1027 336 1091 illo
359 1028 493 1109 ingenio,
516 1049 581 1111 quo
604 1027 703 1092 ciuilia
727 1027 809 1090 bella
831 1027 968 1104 defleuit,
991 1047 1056 1110 quo
1076 1029 1299 1111 proscribentis

89 1135 113 1196 in
139 1143 298 1198 aeternum
329 1135 395 1216 ipse
418 1135 616 1218 proscripsit,
647 1136 704 1198 sed
728 1143 818 1198 tanto
842 1133 987 1211 elatiore,
1019 1145 1139 1216 quanto
1163 1145 1210 1199 est
1233 1136 1299 1218 ipse

63 1238 252 1316 rsublimior,
285 1242 404 1304 dicere:
439 1261 493 1304 cur
516 1249 564 1316 te,
596 1239 673 1316 filia,
704 1250 769 1304 tam
793 1239 890 1321 longa
911 1249 997 1304 tenet
1020 1242 1206 1324 aegritudo?
1245 1263 1300 1306 cur

88 1347 111 1408 in
137 1355 220 1410 tanta
251 1347 315 1410 ueri
347 1348 544 1428 ignoratione
568 1349 716 1422 uersanti,
747 1355 781 1410 ut
804 1347 907 1430 inique
931 1355 1036 1412 actum
1060 1368 1131 1411 cum
1156 1345 1220 1411 filio
1243 1357 1298 1412 tuo

87 1452 204 1528 iudices,
234 1454 324 1536 quod
354 1454 476 1535 integro
508 1455 624 1518 domus
654 1463 754 1529 statu,
789 1455 910 1536 integer
940 1455 1006 1538 ipse
1037 1475 1071 1518 se
1099 1455 1140 1517 ad
1164 1456 1298 1518 maiores
1315 1469 1339 1510 ιο

6 1569 8 1594 ¹
87 1559 190 1641 recepit
224 1563 321 1622 suos?
360 1559 460 1624 nescis
491 1561 615 1642 quantis
652 1559 777 1623 fortuna
811 1558 956 1643 procellis
987 1560 1142 1624 disturbet
1172 1563 1299 1624 omnia?

87 1686 167 1746 quam
190 1664 281 1729 nullis
305 1665 475 1748 benignam
499 1666 685 1750 facilemque
709 1687 744 1730 se
767 1667 964 1750 praestiterit,
988 1667 1045 1730 nisi
1068 1667 1120 1749 qui
1136 1667 1298 1730 minimum

88 1793 148 1834 cum
177 1772 228 1836 illa
258 1776 503 1836 contraxerant?
536 1793 669 1856 regesne
692 1773 747 1838 tibi
771 1775 932 1836 nominem
956 1774 1148 1838 felicissimos
1171 1773 1300 1849 tuturos,

6 1883 8 1934 i
88 1881 107 1940 si
128 1879 272 1942 maturius
295 1878 364 1942 illos
387 1900 474 1943 mors
498 1880 682 1944 instantibus
706 1879 914 1944 subtraxisset
939 1879 1047 1942 malis?
1071 1901 1111 1943 an
1134 1879 1300 1942 Romanos

7 2003 8 2036 1
88 1984 178 2061 duces,
200 2006 336 2068 quorum
360 1985 433 2049 nihil
457 1987 663 2068 magnitudini
688 1988 796 2062 deerit,
819 1987 843 2048 si
860 1985 975 2068 aliquid
991 1988 1086 2050 aetati
1102 1985 1298 2048 detraxeris?
1316 2001 1338 2040 u

88 2111 120 2152 an
147 2091 355 2155 nobilissimos
386 2093 469 2155 uiros
493 2089 745 2174 clarissimosque
768 2092 808 2155 ad
832 2093 928 2156 ictum
953 2093 1091 2156 militaris
1116 2092 1200 2172 gladi
1224 2112 1296 2154 con-

63 2205 74 2252 :t
89 2199 178 2278 posita
200 2199 322 2262 ceruice
345 2198 507 2262 firmatos?
539 2201 658 2283 respice
681 2209 804 2282 patrem
828 2209 923 2281 atque
947 2219 1040 2262 auum
1064 2208 1169 2262 tuum:
1196 2197 1245 2262 ille
1268 2199 1299 2261 in

89 2303 164 2366 alieni
193 2305 384 2386 percussoris
417 2307 500 2368 uenit
530 2305 701 2370 arbitrium.
748 2326 811 2388 ego
834 2305 908 2370 nihil
931 2307 961 2368 in
986 2326 1037 2369 me
1060 2307 1204 2388 cuiquam
1228 2325 1298 2388 per·
1421 2389 1425 2398 .

89 2409 145 2472 misi
178 2419 210 2473 et
243 2412 315 2474 cibo
350 2411 526 2493 prohibitus
557 2414 682 2476 ostendi
713 2423 779 2474 tam
810 2433 927 2494 magno
960 2432 1010 2476 me
1041 2433 1138 2494 quam
1169 2413 1300 2476 uidebar
1400 2431 1406 2447 ·

88 2518 179 2580 animo
208 2519 377 2600 scripsisse.
423 2539 477 2582 cur
508 2520 538 2582 in
562 2520 662 2582 domo
686 2528 793 2582 nostra
817 2520 990 2582 diutissime
1013 2519 1136 2600 lugetur
1158 2520 1211 2601 qui
1234 2517 1298 2582 ieli-
1313 2511 1339 2572 '²0

88 2625 196 2688 tissime
227 2625 378 2688 moritur?
418 2626 538 2688 coimus
569 2645 680 2689 omnes
716 2627 746 2688 in
777 2647 873 2690 unum
906 2627 1112 2708 uidemusque
1142 2646 1206 2688 non
1237 2624 1301 2688 alta

89 2741 168 2794 nocte
190 2731 391 2807 circumdati,
415 2731 456 2794 nil
479 2734 564 2814 apud
588 2714 662 2808 uos,
687 2741 720 2794 ut
743 2731 867 2815 putatis
891 2731 1039 2815 optabile,
1063 2732 1103 2794 nil
1127 2731 1299 2806 excelsum,

90 2835 122 2898 nil
141 2837 355 2920 splendidum,
386 2840 443 2901 sed
471 2838 598 2901 humilia
621 2849 733 2903 cuncta
756 2849 788 2902 et
810 2839 919 2922 grauia
941 2848 972 2902 et
996 2840 1090 2902 anxia
1112 2847 1144 2902 et
1167 2847 1297 2919 quotam

65 2945 198 3022 tpartem
221 2943 347 3007 luminis
370 2946 469 3008 nostri
492 2947 669 3010 cernentia?
693 2947 768 3028 quid
793 2947 895 3010 dicam
919 2944 1001 3008 nulla
1016 2945 1066 3008 hic
1081 2965 1170 3008 arma
1186 2946 1299 3008 mutuis

90 3047 175 3113 furere
205 3051 407 3114 concursibus
439 3073 497 3114 nec
528 3051 643 3115 classes
675 3051 824 3116 classibus
855 3052 955 3134 frangi
979 3073 1037 3115 nec
1060 3053 1223 3135 parricidia
1246 3061 1298 3115 aut
1313 3063 1338 3104 ²⁵

91 3173 281 3185 --——--

93 3261 98 3312 l
113 3263 224 3327 Syrtium.
235 3265 322 3315 omnia
335 3265 416 3314 ineunt
429 3263 504 3329 plana
517 3261 608 3317 Koch:
630 3265 839 3329 syrtium.omniti
853 3264 927 3330 plens
941 3262 1009 3328 cod„
1023 3279 1084 3317 clim
1097 3263 1125 3316 iri
1138 3263 1300 3318 editionibus

90 3349 141 3405 ilde
162 3357 183 3406 α’
198 3349 380 3424 Neapolitana
404 3353 513 3402 tramites
534 3357 600 3422 post
618 3353 724 3418 Syrtium
749 3355 776 3407 ct
799 3354 866 3418 plani
892 3351 1025 3424 scripturn
1050 3351 1100 3416 sit,
1125 3351 1152 3406 in
1173 3349 1298 3422 Neapoli·

90 3479 143 3527 tana
159 3475 265 3544 quidem
285 3491 352 3530 rioce
370 3478 479 3527 omnium
499 3476 599 3530 omissa
722 3479 737 3531 2
758 3479 782 3527 in
801 3479 856 3531 uice
876 3453 951 3543 pemi¹
1066 3477 1081 3528 b
1101 3479 1139 3527 cui
1159 3473 1297 3532 Muretus:

1146 3571 1207 3604 tenet

90 3611 157 3668 et‘cui
280 3617 398 3685 aputsbis
525 3619 540 3672 'i
564 3627 657 3686 quanio
682 3626 718 3670 est
738 3619 830 3686 (estin
850 3621 918 3684 ras)
1044 3619 1061 3672 8
1087 3621 1162 3685 longa
1188 3620 1300 3684 egritudo

167 3707 198 3796 10
223 3709 320 3773 integro
340 3709 428 3758 domus
446 3715 508 3758 statu
534 3710 628 3774 integer
647 3710 699 3774 ipse
718 3725 744 3759 se
763 3710 795 3759 ad
814 3710 920 3758 maiores
947 3705 1057 3762 Fickert
1076 3711 1103 3762 et
1122 3706 1230 3762 Haase:
1252 3709 1301 3758 inte

93 3817 165 3871 donus
182 3827 255 3873 status
276 3823 326 3873 inte
344 3824 396 3889 ipse
416 3825 449 3874 ad
467 3825 574 3874 maiores
666 3823 696 3876 12
715 3799 818 3873 mimum
839 3823 875 3888 (ω
898 3839 931 3877 m.
953 3823 979 3888 2)
1079 3823 1110 3878 13
1131 3827 1301 3874 contraxerant

93 3909 168 3963 nescio
185 3911 245 3980 qui:
268 3919 422 3981 contraxerat
531 3912 564 3966 14
583 3912 729 3962 instantibus
748 3909 911 3965 Pincianus:
936 3913 1056 3962 stantibus
1167 3911 1197 3964 15
1217 3912 1301 3976 aliquit

94 3991 108 4059 (t
122 4005 177 4052 mut.
196 4000 222 4052 in
243 3999 270 4065 d)
373 4000 407 4054 16
426 4001 504 4066 gladii
524 3999 623 4067 (attera
642 4001 650 4049 i
670 4015 778 4054 nourr.
799 3999 906 4065 addita)
1016 4000 1045 4054 ii
1065 4001 1175 4068 firmatos
1196 3998 1298 4070 Neapz

94 4081 195 4137 tornatos
298 4087 331 4141 18
344 4091 435 4156 ¹pmisit
454 4087 472 4158 (t
492 4087 555 4156 det.)
653 4088 685 4141 19
705 4090 800 4139 ostendi
819 4106 893 4155 quam
912 4089 983 4139 uibar
1003 4091 1086 4139 animo
1106 4088 1143 4152 (in
1162 4104 1246 4157 murp.
1266 4105 1303 4150 m„

94 4167 131 4225 ult.
153 4191 241 4241 magno
268 4179 389 4242 nequi)
416 4175 476 4232 cod.
502 4179 598 4228 ostendi
622 4186 674 4228 tam
699 4194 792 4243 magno
818 4195 857 4228 me
876 4193 949 4244 quam
974 4179 1077 4228 uidebar
1095 4179 1179 4228 animo
1200 4174 1300 4234 Haase.

94 4264 173 4313 ostendi
190 4266 255 4330 quali
275 4265 378 4316 uidebar
397 4268 480 4316 animo
494 4263 617 4336 Modum,
636 4265 737 4320 iniuria
756 4265 872 4320 atterius
889 4281 985 4318 manus
999 4263 1183 4319 additamento
1197 4263 1300 4318 abiecto

183 4351 216 4406 20
234 4354 361 4404 scribsisse
475 4355 506 4407 21
529 4357 689 4422 uidemusq.e
708 4372 757 4405 non
865 4355 899 4410 22
918 4360 977 4420 aput
997 4356 1016 4420 (t
1035 4357 1098 4408 mut.
1118 4352 1146 4406 in
1165 4355 1192 4420 d)

95 4441 211 4509 optabilem
