3184 5318
282 364 340 426 ¹64
505 357 584 402 mat.
595 358 644 403 v11.
674 358 715 400 AD
730 355 908 400 GALLtoNsM
923 357 964 398 DE
976 356 1049 398 VITA
1063 355 1171 400 ΒΕΑΤΑ,
1201 359 1234 400 tt.
1251 360 1282 400 11.

276 525 373 586 praua
395 506 454 567 sibi
478 503 577 568 multa
599 507 789 586 suggerere?
813 506 843 566 in
866 504 974 586 primis
998 503 1197 566 insolentiam
1222 511 1254 565 et
1270 502 1398 564 nimiam
1416 503 1495 564 aesti-

217 636 220 642 ’
276 614 449 674 mationem
472 613 518 673 sui
541 621 764 692 tumoremque
787 612 905 674 elatum
929 632 1024 692 super
1046 618 1169 672 ceteros
1193 620 1225 672 et
1242 629 1384 672 amorem
1403 629 1494 671 rerum

275 739 402 782 suarum
433 739 562 781 caecum
586 727 618 780 et
642 720 858 801 inprouidum,
892 719 1017 781 delicias
1040 717 1165 780 fluentis
1188 726 1220 780 et
1243 736 1286 779 ex
1310 716 1447 780 minimis
1465 738 1496 778 ac
1564 785 1567 790 ,

276 825 444 907 puerilibus
467 827 567 902 causis
590 825 833 900 exultationem,
858 826 919 888 iam
944 822 1142 887 dicacitatem
1166 845 1204 888 ac
1227 824 1407 906 superbiam
1431 843 1495 884 con-

250 932 411 994 ⁵tumeliis
434 933 636 1012 gaudentem,
660 933 812 994 desidiam
838 931 1140 1012 dissolutionemque
1163 931 1269 1012 segnis
1291 931 1385 992 animi
1401 930 1495 992 indor-

277 1039 400 1100 mientis
437 1038 515 1100 sibi:
557 1034 778 1100 haecomnia
809 1039 905 1099 uirtus
937 1039 1063 1100 discutit
1095 1047 1128 1099 et
1158 1057 1266 1100 aurem
1299 1035 1444 1118 peruellit
1470 1046 1523 1098 ets
1589 1075 1590 1078 =

277 1145 457 1226 uoluptates
481 1145 635 1219 aestimat,
659 1151 830 1226 antequam
854 1145 1013 1219 admittat,
1036 1165 1094 1206 nec
1118 1163 1195 1224 quas
1218 1144 1374 1226 probauit,
1400 1145 1497 1223 magni

276 1252 395 1332 pendit,
419 1253 525 1333 utique
549 1252 631 1313 enirn
654 1252 801 1326 admittit,
825 1271 883 1313 nec
908 1271 964 1312 usu
985 1271 1102 1326 earum,
1126 1252 1183 1312 sed
1199 1251 1409 1332 temperantia
1425 1249 1497 1311 laeta
1589 1261 1590 1264 ’

277 1366 332 1419 est.
371 1358 580 1438 temperantia
602 1366 710 1419 autem
733 1377 805 1418 cum
829 1357 1010 1439 uoluptates
1026 1359 1153 1430 minuat,
1177 1357 1292 1419 summi
1309 1357 1384 1418 boni
1400 1358 1498 1418 iniuria

239 1479 262 1517 ¹⁰
277 1475 333 1527 est.
364 1473 398 1527 tn
421 1464 616 1546 uoluptatem
641 1464 856 1545 conplecteriS,
881 1484 943 1544 ego
960 1483 1127 1546 conpesco
1158 1473 1192 1525 tu
1208 1463 1373 1545 uoluptate
1389 1461 1498 1536 frueris,

277 1591 338 1652 ego
369 1581 449 1634 utor.
494 1580 529 1632 tu
560 1570 644 1631 illam
675 1591 835 1632 summum
858 1570 979 1633 bonum
1002 1579 1104 1652 putas,
1128 1590 1190 1651 ego
1213 1590 1273 1632 nec
1296 1570 1426 1634 bonum.
1469 1579 1497 1632 tu
1589 1581 1590 1615 ³

277 1680 384 1740 omnia
407 1677 577 1760 uoluptatis
601 1697 695 1738 causa
718 1675 800 1752 facis,
825 1698 886 1758 ego
910 1677 991 1739 nihil.

338 1837 340 1842 .
365 1784 419 1846 XI.
451 1783 532 1846 Cum
557 1785 628 1846 dico
652 1804 705 1846 me
728 1783 801 1846 nihil
826 1784 996 1866 uoluptatis·
1010 1805 1111 1847 causa
1125 1783 1238 1859 facere,
1262 1785 1303 1846 de
1324 1782 1377 1846 illo
1392 1783 1522 1864 loquorl

277 1893 427 1974 sapiente,
452 1892 500 1952 cui
523 1890 581 1952 soli
605 1891 751 1952 concedis
774 1891 981 1974 uoluptatem.
1013 1912 1077 1952 non
1095 1910 1177 1952 uoco
1198 1898 1306 1952 autem
1323 1891 1498 1972 sapientem,
1589 1935 1590 1938 η

240 2012 262 2052 1⁵
276 2019 371 2079 supra
394 2018 489 2078 quem
506 1999 673 2078 quicquam
689 2007 746 2072 est,
769 1999 888 2060 nedum
905 1997 1071 2079 uoluptas:
1098 1998 1184 2079 atqui
1200 1998 1242 2059 ab
1258 1998 1318 2059 hac
1335 2006 1498 2080 occupatus
1589 2011 1590 2045 1

276 2106 441 2185 quomodo
466 2106 589 2172 resistet
612 2099 712 2165 labori
736 2113 768 2166 et
784 2103 932 2186 periculo,
956 2104 1091 2183 egestati
1107 2113 1139 2166 et
1155 2113 1205 2167 tot
1220 2103 1392 2167 humanam
1409 2106 1498 2166 uitam

277 2210 606 2292 circumstrepentibus
629 2211 740 2272 minis?
772 2212 938 2290 quomodo
963 2221 1170 2292 conspectum
1194 2213 1318 2285 mortis,
1341 2212 1498 2292 quomodo
1589 2226 1590 2260 1

278 2317 395 2380 doloris
426 2316 525 2379 feret?
565 2318 730 2398 quomodo
762 2318 871 2379 mundi
902 2318 1044 2398 fragores
1075 2326 1108 2378 et-
1135 2325 1260 2379 tantum
1278 2303 1498 2380 ¹acerrimorum

278 2425 415 2485 hostium
439 2432 547 2485 atam
571 2421 657 2484 molli
683 2424 863 2485 aduersario
888 2403 1008 2486 uictus?
1032 2424 1185 2505 quidquid
1209 2423 1355 2505 uoluptas
1378 2425 1500 2486 suaserit

237 2543 264 2582 tt
278 2529 378 2592 faciet.
425 2549 501 2609 age,
540 2549 604 2591 non
636 2530 724 2591 uides
754 2550 851 2611 quam
883 2530 982 2592 multa
1012 2551 1141 2593 suasura
1171 2531 1231 2593 sit?
1277 2529 1369 2605 nihil,
1400 2531 1526 2611 inquitt
1589 2549 1590 2552 ¹

277 2637 394 2718 poterit
416 2637 549 2718 turpiter
571 2636 712 2712 suadere,
737 2638 809 2718 quia
825 2638 971 2699 adiuncta
987 2637 1091 2700 uirtuti
1108 2647 1163 2700 est.
1201 2657 1266 2699 non
1282 2637 1369 2698 uides
1384 2637 1497 2710 iterum,
1589 2685 1590 2688 ,

278 2744 369 2825 quale
400 2745 440 2806 sit
463 2764 622 2818 summum
647 2743 785 2818 bonum,
817 2746 864 2805 cui
889 2746 1021 2808 custode
1045 2765 1127 2826 opus
1150 2752 1214 2819 est,
1245 2755 1279 2806 ut
1303 2744 1421 2806 bonum
1444 2746 1496 2805 sit?

277 2853 375 2914 uirtus
408 2860 513 2913 autem
545 2851 711 2933 quomodo
740 2849 937 2932 uoluptatem
969 2861 1075 2930 reget,
1114 2871 1210 2932 quam
1241 2852 1396 2933 sequitur,
1433 2871 1497 2912 cum
1589 2883 1590 2888 κ

278 2960 366 3038 sequi
388 2959 525 3041 parentis
549 2958 597 3033 sit,
621 2977 732 3038 regere
755 2957 957 3038 imperantis?
980 2978 1001 3019 a
1022 2966 1115 3038 tergo
1139 2960 1230 3039 ponis
1246 2959 1334 3038 quod
1352 2959 1496 3038 imperat?

197 3125 201 3131 .
238 3076 263 3120 ²5
280 3066 444 3145 egregium
476 3074 582 3126 autern
613 3063 711 3127 habet
742 3065 839 3126 uirtus
863 3064 946 3145 apud
970 3085 1028 3126 uos
1053 3063 1190 3126 officium
1214 3064 1393 3147 uoluptates
1416 3077 1495 3144 prae·
1589 3115 1590 3118 ,

277 3178 413 3251 gustare.
460 3171 517 3234 sed
541 3170 726 3246 uidebimus
753 3191 793 3232 an
816 3171 901 3252 apud
924 3191 1007 3251 quos
1029 3179 1096 3232 tam
1120 3169 1349 3232 contumeliose
1371 3175 1525 3232 tractata3
1589 3192 1590 3224 1

278 3277 374 3338 uirtus
398 3286 455 3352 est,
479 3276 583 3339 adhuc
606 3278 702 3338 uirtus
725 3277 778 3350 sit,
801 3297 883 3358 quae
906 3276 1024 3339 habere
1047 3296 1165 3338 nomen
1188 3297 1280 3339 suum
1303 3297 1368 3338 non
1390 3283 1496 3359 potest,

278 3383 304 3444 si
326 3382 399 3444 loco
423 3385 532 3445 cessit:
560 3383 699 3457 interim,
732 3384 860 3464 dequo
883 3385 1002 3464 agitur,
1027 3383 1144 3446 multos
1168 3385 1337 3446 ostendam
1362 3384 1494 3465 uolupta-
1589 3406 1590 3410 ¹

279 3489 361 3550 tibus
391 3489 555 3563 obsessos,
587 3489 617 3549 in
644 3508 726 3569 quos
758 3487 882 3550 fortuna
906 3489 1013 3552 omnia
1036 3508 1166 3550 munera
1189 3509 1246 3550 sua
1269 3489 1395 3564 effudit,
1426 3507 1495 3570 quos

239 3611 264 3653 ³⁰
279 3593 402 3657 fatearis
439 3616 568 3658 necesse
608 3603 655 3656 est
695 3593 815 3656 malos:
858 3595 985 3677 adspice
1017 3596 1255 3657 Nomentanum
1288 3605 1319 3658 et
1347 3595 1525 3677 Apiciuml

280 3842 294 3893 1
315 3858 391 3907 praua
410 3843 453 3890 sed
472 3843 547 3890 multa
567 3839 626 3894 cod.
646 3857 723 3906 praua
741 3843 789 3890 sibi
807 3842 884 3890 multa
903 3839 1011 3898 Harum
1032 3850 1111 3907 praua
1129 3858 1144 3890 a
1162 3858 1188 3891 se
1201 3842 1278 3892 multa
1293 3839 1389 3900 Germ
1410 3853 1494 3892 uerum

279 3929 398 3983 nondum
412 3930 549 3982 inuentum
562 3933 603 3981 esf
692 3931 847 3982 estimatione
932 3928 1207 3996 5dissolutionemq3*
1298 3926 1491 3996 iquasNeap.:

279 4021 348 4085 quasi
438 4019 522 4083 magni
542 4019 625 4083 pendit
645 4023 684 4066 aut
704 4019 785 4083 utique
804 4021 879 4068 etiam
899 4020 1005 4068 admittit
1019 4017 1142 4086 Modum,
1161 4035 1233 4088 quae
1247 4035 1349 4089 parum
1367 4015 1492 4084 t'tttelleqffi

211 4145 215 4156 .
279 4108 369 4162 uerbis
392 4111 473 4173 utique
498 4108 562 4158 enim
583 4107 688 4156 admittit
707 4106 885 4176 siqm'ficatur,
911 4123 943 4160 eo
962 4107 1037 4176 quod
1054 4105 1179 4162 admittat
1198 4107 1367 4179 uolrtptutm,
1389 4102 1496 4176 probari

279 4196 342 4250 illas
360 4214 378 4250 a
397 4213 426 4251 se
444 4212 511 4250 sune
530 4195 657 4248 uirtutem
675 4195 806 4258 indicare,
826 4198 919 4266 muqtu'
933 4196 1026 4267 pendi,
1045 4213 1100 4250 non
1119 4197 1181 4250 item
1274 4199 1306 4250 15
1326 4205 1383 4248 est*
1400 4195 1491 4246 nedum

369 4286 402 4340 19
422 4305 436 4337 a
455 4295 505 4336 tam
525 4286 594 4335 molli
607 4281 748 4339 Muretusz
770 4303 801 4336 an
822 4288 889 4336 molli
980 4289 1081 4352 quich,
1163 4287 1198 4340 22
1217 4289 1318 4338 custode
1337 4283 1488 4340 deteriores:

280 4377 405 4426 custodem
502 4373 535 4426 25
562 4379 587 4426 et
612 4372 646 4426 26
672 4377 737 4440 apud
765 4376 791 4438 (d
816 4390 855 4428 ex
879 4373 890 4424 t'
913 4376 997 4442 corr.)
1098 4375 1132 4429 30
1157 4384 1332 4427 nomentanum
1357 4382 1380 4426 et
1402 4373 1489 4438 apicum
1589 4383 1590 4436 t

281 4464 389 4530 (ntanum
408 4465 435 4517 fn
455 4466 521 4527 ras.)
613 4465 728 4527 Apicium
748 4463 899 4517 deteriores
