3184 5318
305 341 371 402 202
487 335 567 377 DlAL.
582 335 622 379 lX.
650 334 693 376 AD
708 335 851 377 SERENVM
865 335 907 376 DE
919 335 1186 386 TRANercu'rnrs
1198 335 1298 380 aulul.
1326 339 1347 378 b.

304 481 362 544 sed
393 480 541 543 inritabat
570 501 605 542 se
636 483 703 561 ipsa
730 480 868 543 saeuitia
915 479 945 542 in
969 501 1031 560 qua
1053 481 1179 544 ciuitate
1201 491 1270 544 erat
1292 480 1397 545 Areos
1417 503 1511 564 pagos,

305 585 569 666 religiosissimum
592 585 749 660 iudicium,
773 586 804 646 in
827 605 889 665 qua
911 595 1039 648 senatus
1062 584 1259 667 populusque
1282 597 1393 650 senatu
1413 589 1512 664 similis,

306 690 411 754 coibat
442 692 559 754 cotidie
589 691 768 754 carnificum
796 693 886 754 triste
908 689 1076 772 collegium
1100 701 1133 754 et
1155 690 1262 754 infelix
1286 694 1369 755 curia
1390 697 1513 772 tyrannis

305 797 547 878 angustabatur:
588 805 757 878 poteratne
787 796 838 860 illa
868 797 978 860 ciuitas
1001 800 1238 879 conquiescere,
1269 799 1300 860 in
1322 819 1386 880 qua
1407 809 1452 862 tot
1471 811 1512 880 ty-
1574 789 1578 800 ’

278 905 392 966 sranni
415 912 504 967 erant
526 913 605 985 quot
629 904 704 966 satis
727 902 878 966 satellites
902 907 1029 966 essent?
1058 923 1099 965 ne
1121 923 1194 984 spes
1217 905 1347 985 quidem
1371 905 1430 968 ulla
1451 907 1512 969 reci-

304 1011 438 1091 piendae
467 1009 618 1073 libertatis
649 1011 761 1072 animis
791 1018 918 1091 poterat
949 1009 1068 1084 offerri,
1099 1030 1158 1072 nec
1187 1007 1239 1072 ulli
1269 1013 1411 1074 remedio
1439 1011 1514 1074 locus

304 1115 479 1197 apparebat
510 1124 620 1179 contra
648 1125 770 1179 tantam
794 1116 858 1177 uim
882 1115 1053 1178 malorum:
1085 1118 1170 1179 unde
1194 1117 1278 1178 enim
1302 1118 1433 1180 miserae
1453 1120 1512 1180 ciui-

304 1223 363 1286 tati
393 1231 442 1285 tot
466 1222 682 1285 Harmodios?
714 1221 864 1286 Socrates
894 1230 1002 1285 tamen
1033 1224 1063 1284 in
1096 1223 1203 1286 medio
1233 1233 1300 1286 erat
1332 1232 1364 1315 et
1386 1223 1538 1304 lugentesu

304 1339 410 1412 patres
441 1327 663 1391 consolabatur
693 1337 725 1391 et
757 1329 952 1410 desperantis
984 1329 1024 1391 de
1054 1327 1215 1411 republica
1245 1328 1469 1393 exhortabatur
1488 1340 1514 1392 et

266 1453 290 1495 ro
305 1436 451 1498 diuitibus
487 1455 565 1516 opes
600 1455 671 1498 suas
707 1435 921 1498 metuentibus
956 1435 1174 1517 exprobrabat
1203 1456 1306 1498 seram
1338 1435 1514 1520 periculosae

304 1543 451 1605 auaritiae
474 1542 697 1622 paenitentiam
721 1551 754 1603 et
777 1543 890 1604 imitari
914 1541 1093 1604 uolentibus
1116 1561 1267 1623 magnum
1291 1542 1514 1606 circumferebat

304 1648 478 1729 exemplar,
500 1669 572 1710 cum
595 1649 676 1710 inter
697 1648 826 1730 triginta
848 1649 996 1710 dominos
1019 1647 1097 1712 liber
1120 1649 1288 1712 incederet.
1320 1648 1403 1712 hunc
1422 1659 1539 1718 tamena

304 1754 453 1817 Athenae
491 1755 578 1834 ipsae
613 1755 644 1816 in
680 1773 806 1816 carcere
841 1754 1039 1829 occiderunt,
1079 1763 1112 1817 et
1146 1756 1199 1836 qui
1229 1763 1299 1818 tuto
1330 1756 1515 1818 insultauerat

304 1861 421 1942 agmini
444 1870 668 1942 tyrannorum,
699 1862 765 1922 eius
787 1859 966 1924 libertatem
989 1859 1117 1923 libertas
1140 1881 1205 1924 non
1227 1860 1313 1924 tulit:
1340 1871 1374 1924 ut
1396 1862 1470 1925 scias
1490 1873 1515 1924 et

266 1968 336 2052 uin
359 1967 487 2031 adflicta
509 1965 669 2048 republica
691 1986 761 2028 esse
785 1967 985 2029 occasionem
1009 1967 1142 2048 sapienti
1165 1968 1231 2030 uiro
1254 1969 1296 2030 ad
1319 1988 1356 2030 se
1370 1967 1513 2049 proteren-

303 2075 379 2136 dum
403 2075 489 2136 etin
512 2073 635 2136 florenti
658 2092 696 2135 ac
718 2073 813 2136 beata
834 2073 1010 2153 pecuniam,
1034 2071 1191 2149 inuidiam,
1216 2073 1300 2136 mille
1323 2073 1383 2136 alia
1402 2075 1515 2136 inermia

303 2180 378 2242 uitia
399 2200 540 2260 regnare.
587 2189 756 2261 utcumque
779 2200 857 2260 ergo
881 2199 915 2241 se
939 2179 1115 2260 respublica
1139 2179 1244 2254 dabit,
1273 2188 1443 2261 utcumque
1463 2180 1540 2248 ior-t

303 2295 379 2350 tuna
401 2287 579 2368 permittet,
602 2287 646 2348 ita
668 2296 723 2348 aut
746 2284 977 2366 explicabimus
999 2305 1058 2348 nos
1082 2294 1135 2348 aut
1159 2286 1398 2349 contrahemus:
1424 2287 1515 2367 utique

305 2392 504 2454 monebimus
534 2413 593 2453 nec
622 2391 753 2473 adligati
784 2401 871 2454 metu
902 2392 1109 2473 torpebimus.
1154 2392 1254 2454 immo
1284 2390 1335 2453 ille
1362 2394 1408 2454 uir
1429 2391 1515 2465 suerit,

263 2517 290 2558 oo
304 2499 356 2580 qui
379 2498 522 2579 periculis
546 2498 683 2579 undique
705 2498 936 2573 inminentibus,
960 2498 1055 2560 armis
1078 2499 1160 2560 circa
1182 2478 1215 2560 et
1238 2498 1356 2562 catenis
1372 2497 1514 2562 frementi·

227 2595 238 2614 '
304 2605 363 2667 bus
386 2625 450 2666 non
473 2604 610 2667 adliserit
633 2605 780 2667 uirtutem
804 2624 863 2665 nec
885 2603 1096 2667 absconderit.
1139 2625 1203 2667 non
1227 2613 1275 2666 est
1298 2605 1383 2667 enim
1405 2624 1515 2668 seruare

304 2731 338 2773 se
369 2711 511 2773 obruere.
557 2731 647 2788 uere,
680 2721 715 2774 ut
745 2711 874 2798 opinor,
906 2710 1016 2774 Curius
1039 2711 1197 2774 Dentatus
1227 2710 1348 2788 aiebat,
1380 2709 1469 2774 malle
1487 2727 1539 2777 set

304 2839 373 2881 esse
410 2827 569 2882 mortuum
604 2837 701 2899 quam
737 2819 850 2880 uiuere.
896 2815 1040 2880 ultimum
1072 2816 1228 2880 malorum
1259 2827 1307 2880 est
1338 2838 1357 2880 e
1387 2818 1514 2880 uiuorum

192 2931 195 2936 '
303 2945 435 2986 numero
458 2926 562 3000 exire,
594 2933 764 3006 antequam
789 2925 937 2986 moriaris
984 2925 1041 2986 sed
1064 2922 1240 2988 laciendum
1265 2925 1340 3000 erit,
1371 2925 1398 2986 si
1419 2924 1449 3012 in
1469 2922 1515 2983 rci-

263 3031 447 3111 republicae
470 3039 596 3111 tempus
619 3031 721 3093 minus
744 3030 908 3092 tractabile
931 3030 1091 3106 incideris,
1121 3037 1155 3092 ut
1178 3029 1248 3111 plus
1271 3032 1338 3093 otio
1363 3051 1401 3093 ac
1422 3028 1517 3093 litteris

304 3137 450 3199 uindices
482 3157 540 3199 nec
564 3137 653 3199 aliter
674 3157 769 3219 quam
793 3138 824 3198 in
848 3136 1022 3218 periculosa
1038 3136 1237 3218 nauigatione
1252 3135 1389 3200 subinde
1404 3145 1516 3218 portum

307 3385 431 3436 lseuitia
528 3381 672 3436 3tirannis
769 3381 986 3447 langustabatur
1007 3379 1104 3436 Gertz:
1126 3389 1228 3448 angusta
1319 3337 1428 3449 {tquod

1230 3483 1242 3510 θ

305 3526 363 3576 satis
388 3526 503 3576 satellites
522 3521 652 3593 Madur'y:
673 3524 787 3574 satellites
883 3521 1011 3574 imisere
1107 3523 1251 3589 Slugentis
1342 3521 1517 3589 9desperantis
1571 3525 1575 3540 ¹

305 3617 411 3684 dereffi.
502 3631 535 3685 14
555 3633 697 3726 tirannotts
766 3632 816 3680 eius
837 3627 984 3684 Erasmus:
1006 3631 1065 3680 ciuis
1155 3636 1180 3680 ut
1199 3632 1263 3680 scias
1283 3629 1446 3685 deteriores:
1464 3635 1483 3678 et
1498 3631 1517 3674 ut

305 3739 368 3788 scias
483 3736 515 3789 15
541 3722 615 3789 re.}3.
721 3734 752 3788 16
778 3738 907 3801 pecuniam
928 3752 1023 3789 uerum
1042 3751 1102 3789 esre
1119 3751 1172 3789 non
1187 3752 1272 3805 posse
1290 3735 1361 3790 uidit
1381 3735 1517 3795 Ρὺιοίαηιιε,

305 3827 453 3876 calumniam
473 3822 587 3878 coniecit
606 3821 730 3894 Moduiq,
748 3823 799 3877 sed
816 3824 903 3894 moqis
916 3822 1012 3894 placet
1030 3823 1118 3893 Lipsii
1134 3824 1271 3878 inuentum
1291 3825 1449 3890 petulantiam

305 3933 408 3984 inermia
433 3928 515 4000 uulpo
541 3932 628 3980 inertia
652 3926 767 3999 Maduiy
883 3929 915 3983 17
940 3913 1026 3983 res.l'.
1119 3929 1152 3982 18
1176 3932 1350 3980 contrahemus
1369 3929 1515 3984 deteriores:

304 4022 470 4070 contrahimus
563 4019 594 4072 19
613 4020 708 4084 alligati
799 4018 833 4070 20
858 4020 1022 4075 imminentib;
1115 4018 1147 4071 21
1177 4019 1287 4070 adliserit
1305 4018 1404 4089 uuiqo:
1424 4016 1517 4068 obiisent

393 4143 427 4196 22
453 4159 510 4194 uere
529 4140 638 4196 addidit
657 4141 751 4212 Haupt
770 4142 985 4212 interpunctione
1003 4147 1106 4196 mutato
1207 4119 1304 4192 sitisse
1324 4141 1417 4212 (runis
1433 4153 1516 4210 mpro-
1578 4179 1579 4216 ἶ

305 4233 415 4301 seraptis
434 4230 524 4285 ultera
542 4246 638 4284 monus
652 4229 774 4284 ordinem
787 4230 933 4286 uerborum
946 4229 1104 4284 mutandum
1122 4246 1181 4284 esse
1198 4229 1341 4300 indicauit)
1360 4228 1417 4286 eod.
1435 4245 1482 4278 esse
1496 4242 1516 4274 se
1578 4221 1579 4250 ³

307 4319 391 4389 Neap.
483 4318 517 4372 23
543 4335 617 4384 quam
635 4336 741 4386 nequam
759 4321 841 4370 nuere
855 4307 975 4390 prorsus
993 4319 1118 4374 inmerito
1136 4315 1252 4389 Madur'q
1272 4325 1298 4372 et
1318 4317 1413 4378 Genu
1432 4321 1459 4370 ut
1475 4329 1516 4366 sse

308 4426 346 4478 ito
365 4428 445 4476 uiuere
463 4424 501 4478 ad
518 4432 640 4476 mortuum
654 4425 795 4496 pertinere
814 4425 912 4480 docent
928 4425 1068 4498 sequentia
1157 4425 1188 4479 24
1211 4407 1294 4478 rei.l².
