3254 5314
265 355 327 418 274
486 350 565 396 mat.
576 351 626 394 Xll.
656 352 697 392 AD
713 351 865 394 POLYBIVM
881 353 921 394 DE
935 345 1177 396 CONSOLATlONE.
1206 357 1226 398 3·
1241 357 1261 398 l.

262 495 349 558 nullo
383 495 478 560 sratre
509 499 773 578 degenerantem,
813 499 940 562 turbare
970 510 1003 562 et
1033 501 1099 563 sine
1130 499 1192 564 ulla
1221 521 1316 564 causa
1346 499 1487 565 delibare

263 603 407 668 uoluisti?
445 603 520 666 nihil
551 625 629 686 ergo
660 607 792 688 prodest
815 607 992 670 innocentia
1015 609 1056 668 ad
1079 592 1209 671 omnem
1234 608 1339 688 legem
1364 619 1523 686 exactas

262 709 336 772 nihil
366 711 495 791 antiqua
523 710 699 791 frugalitas,
730 712 804 775 mhil
827 712 980 776 felicitatis
1004 734 1148 777 summae
1170 717 1329 797 potentia,
1362 735 1489 778 summa

262 827 448 881 conseruata
471 817 667 894 abstinentia,
691 818 763 881 nihil
787 821 924 883 sincerus
945 831 977 884 et
998 830 1084 885 tutus
1100 821 1271 884 litterarum
1288 841 1389 898 amor,
1413 821 1487 885 nihil

236 923 304 986 sab
327 925 413 986 omni
436 924 510 987 labe
532 945 621 987 mens
645 931 779 989 uacans?
816 926 903 1009 luget
918 926 1077 1008 Polybius,
1101 937 1133 990 et
1156 930 1187 990 in
1211 949 1274 990 uno
1298 928 1394 990 fratre
1409 929 1487 1010 quid

263 1031 304 1092 de
334 1030 457 1112 reliquis
487 1033 588 1112 possit
616 1040 758 1118 metuere
788 1035 969 1096 admonitus
1000 1035 1095 1097 etiam
1127 1035 1168 1096 de
1198 1036 1271 1118 ipsis
1296 1035 1418 1100 doloris
1440 1037 1488 1098 sui

261 1137 383 1200 solaciis
413 1141 512 1202 timet.
558 1137 676 1202 lacinus
706 1141 888 1220 indignum!
929 1140 1017 1222 luget
1039 1140 1191 1220 Polybius
1215 1152 1247 1204 et
1270 1141 1388 1222 aliquid
1412 1163 1486 1224 pro-

261 1245 339 1325 pitio
370 1244 458 1326 dolet
481 1245 624 1309 Caesare.
671 1245 733 1308 hoc
763 1248 830 1309 sine
861 1247 975 1324 dubi0,
1006 1249 1152 1330 inpotens
1183 1247 1318 1325 fortuna,
1342 1251 1486 1332 captasti,

262 1360 297 1413 ut
328 1353 514 1415 ostenderes
544 1353 703 1415 neminem
736 1363 848 1416 contra
877 1363 926 1430 te,
957 1375 997 1417 ne
1021 1377 1039 1418 a
1063 1355 1199 1420 Caesare
1230 1357 1358 1437 quidem
1391 1377 1489 1440 posse

225 1474 248 1514 ro
263 1457 398 1523 defendi.
1264 1458 1267 1464 ’

350 1565 406 1628 IV.
446 1562 521 1650 [23]
553 1567 677 1630 Diutius
704 1586 852 1630 accusare
875 1568 939 1631 sata
962 1590 1146 1650 possumus,
1176 1580 1299 1640 mutare
1323 1591 1387 1632 non
1412 1588 1522 1651 pos-1

261 1693 389 1736 sumus:
430 1681 515 1735 stant
546 1674 624 1736 dura
654 1685 687 1738 et
718 1675 929 1739 inexorabilia.
990 1697 1086 1739 nemo
1117 1677 1167 1739 illa
1181 1685 1184 1692 '
1198 1677 1358 1752 conuici0,
1390 1697 1488 1739 nemo

262 1779 347 1855 fletu,
369 1800 464 1842 nemo
488 1801 582 1842 causa
606 1792 724 1848 mouet.
762 1782 836 1844 nihil
852 1803 1004 1864 umquam
1021 1783 1072 1846 ulli
1088 1794 1222 1864 parcunt
1238 1805 1296 1846 nec
1312 1784 1489 1846 remittunt.

261 1887 395 1970 proinde
426 1906 592 1968 parcamus
607 1883 609 1888 ’
623 1886 756 1950 lacrimis
786 1888 860 1952 nihil
888 1890 1132 1972 proficientibus.
1178 1890 1295 1954 facilius
1318 1892 1403 1953 enim
1427 1913 1489 1954 nos

224 2014 248 2054 rs
262 1992 303 2056 illi
327 1991 419 2056 dolor
442 1994 500 2055 iste
523 1995 637 2056 adiciet
660 2015 755 2074 quam
777 1995 863 2060 illum
879 1997 972 2059 no'bis
987 1999 1125 2060 reducet.
1164 2001 1217 2078 qui
1233 1999 1258 2060 si
1273 2017 1333 2060 nos
1349 2007 1489 2079 torquet,

262 2119 325 2163 non
348 2101 487 2176 adiuuat,
509 2102 611 2182 primo
635 2121 764 2182 quoque
787 2111 932 2185 tempore
949 2105 1157 2185 deponendus
1173 2114 1222 2168 est
1239 2113 1271 2166 et
1286 2105 1328 2166 ab
1344 2105 1488 2167 inanibus

261 2206 383 2270 solaciis
413 2217 508 2288 atque
539 2228 646 2270 amara
676 2210 814 2289 quadam
842 2209 970 2272 libidine
993 2209 1121 2272 dolendi
1144 2211 1266 2274 animus
1291 2211 1489 2293 recipiendus

262 2324 318 2376 est.
363 2336 438 2378 nam
469 2315 602 2378 lacrimis
634 2318 764 2392 nostris,
795 2317 852 2378 nisi
882 2318 962 2380 ratio
993 2316 1089 2380 finem
1120 2316 1242 2393 fecerit,
1273 2317 1400 2381 fortuna
1422 2339 1525 2390 non2

262 2420 363 2484 faciet.
410 2423 512 2484 omnis
543 2424 681 2504 agedum
713 2423 854 2484 mortalis
885 2424 1106 2506 circumspice:
1139 2423 1227 2504 larga
1250 2425 1366 2505 ubique
1390 2424 1487 2486 flendi

224 2548 249 2588 n
264 2537 296 2590 et
320 2529 451 2592 adsidua
472 2530 601 2592 materia
616 2538 673 2592 est.
711 2528 806 2591 aliurn
823 2530 864 2590 ad
880 2531 1073 2591 cotidianum
1090 2550 1170 2611 opus
1187 2530 1345 2592 laboriosa
1361 2538 1487 2611 egestas

264 2645 367 2711 uocat,
390 2635 484 2698 alium
508 2636 639 2698 ambitio
663 2656 835 2716 numquam
859 2637 964 2716 quieta
983 2635 1136 2712 sollicitat,
1160 2636 1236 2699 alius
1253 2625 1384 2711 diuitias,
1408 2657 1487 2716 quas

264 2751 439 2823 optauerat,
463 2743 573 2805 metuit
596 2752 628 2805 et
651 2752 728 2806 uoto
752 2743 876 2805 laborat
899 2763 966 2818 sue,
989 2743 1084 2805 alium
1106 2743 1244 2806 solitudo
1262 2741 1367 2824 [alium
1383 2742 1483 2820 labor]

264 2857 407 2930 torquet,
437 2848 530 2911 alium
555 2870 680 2931 semper
703 2847 892 2912 uestibulum
916 2850 1066 2912 obsidens
1089 2849 1190 2912 turba.
1237 2851 1287 2913 hic
1310 2849 1429 2912 habere
1452 2869 1486 2910 se

265 2954 353 3017 dolet
382 2954 514 3030 liberos,
545 2956 596 3017 hic
625 2956 807 3038 perdidisse.
854 2955 999 3018 lacrimae
1022 2956 1113 3018 nobis
1137 2958 1270 3018 deerunt
1292 2965 1365 3018 ante
1389 2975 1485 3036 quam
1506 2977 1524 3030 3

224 3079 250 3120 ss
265 3082 376 3126 causae
407 3062 542 3125 dolendi.
596 3083 660 3124 non
691 3063 795 3137 uides,
830 3062 956 3142 qualem
988 3063 1080 3124 nobis
1110 3063 1207 3125 uitam
1240 3083 1343 3125 rerum
1375 3072 1486 3124 natura

264 3169 451 3250 promiserit,
474 3189 555 3249 quae
578 3171 714 3250 primum
737 3170 931 3231 nascentium
955 3169 1119 3231 hominum
1143 3167 1252 3232 fletum
1276 3189 1345 3231 esse
1368 3169 1485 3232 uoluit?

265 3275 327 3336 hoc
349 3276 500 3357 principio
523 3277 670 3350 edimur,
685 3275 756 3337 huic
778 3277 880 3337 omnis
903 3278 1100 3355 sequentium
1123 3297 1279 3338 annorum
1304 3277 1385 3338 ordo
1411 3295 1484 3338 con-

265 3381 366 3443 sentit.
412 3384 457 3445 sic
480 3383 576 3444 uitam
600 3383 730 3463 agimus,
754 3382 889 3462 ideoque
913 3384 1079 3446 moderate
1102 3383 1134 3444 id
1154 3383 1221 3446 fieri
1237 3383 1335 3445 debet
1350 3402 1370 3444 a
1384 3383 1484 3456 nobis

266 3662 280 3715 1
306 3665 469 3728 degenerante
489 3625 533 3716 Βἱ
602 3667 702 3715 turbare
721 3663 746 3716 Β
765 3666 909 3729 proturbare
927 3662 953 3717 Β
971 3666 1113 3729 perturbare
1131 3663 1159 3717 Ε
1252 3667 1362 3715 delibare
1382 3665 1409 3718 B
1427 3667 1486 3716 deli-

265 3754 352 3802 berare
369 3751 424 3806 ΒΕ
546 3753 561 3805 5
586 3755 644 3819 quid
670 3755 701 3803 de
724 3755 822 3819 reliquis
841 3751 990 3806 Priscianus
1008 3769 1068 3806 oum
1089 3752 1112 3806 G
1136 3756 1252 3820 quicquid
1271 3756 1302 3804 de
1321 3756 1419 3819 reliquis
1437 3751 1491 3807 ΒΕ

266 3843 380 3914 quicquid
399 3843 545 3908 derelinquis
564 3841 590 3894 B
680 3829 791 3908 ss'possit
810 3849 875 3891 tuere
896 3840 920 3894 Ε
1007 3842 1023 3895 9
1049 3860 1093 3894 nec
1114 3861 1128 3892 a
1147 3845 1238 3894 Cesare
1256 3841 1283 3896 E
1314 3910 1316 3915 .
1373 3843 1407 3895 12
1430 3861 1487 3895 con·

266 3932 326 3980 uitio
345 3930 372 3983 B
462 3932 494 3985 13
519 3933 562 3982 ulli
580 3943 683 3996 parcunt
702 3931 728 3984 Β
746 3939 848 3997 parcunt
866 3933 908 3981 ulli
927 3930 979 3984 DE
1067 3932 1101 3984 14
1125 3949 1171 3982 nos
1190 3934 1225 3982 illi
1244 3933 1317 3982 dolor
1335 3935 1380 3983 iste
1399 3935 1488 3984 adiciet

266 4035 339 4083 quam
359 4021 426 4069 illum
445 4022 517 4070 nobis
536 4023 634 4071 reducet
649 4019 729 4075 Curio
748 4039 793 4071 nos
811 4023 858 4071 illis
876 4024 948 4072 dolor
961 4023 1005 4072 iste
1018 4023 1108 4071 adiciet
1121 4039 1194 4087 quam
1208 4022 1263 4071 illos
1276 4039 1291 4070 a
1303 4023 1377 4072 nobis
1391 4024 1488 4072 reducet

268 4105 293 4160 Β
310 4125 355 4157 nos
374 4109 429 4182 illos
448 4111 520 4159 dolor
539 4111 629 4159 adiciet
647 4127 720 4175 quam
739 4111 793 4160 illas
812 4129 826 4160 a
845 4113 917 4160 nobis
940 4111 1054 4160 reducent
1072 4107 1098 4162 Β
1116 4126 1161 4160 nos
1180 4111 1228 4160 illis
1246 4111 1319 4160 dolor
1331 4113 1376 4160 iste
1389 4112 1489 4176 adictiet

266 4200 316 4261 qua
334 4197 389 4247 illos
409 4198 435 4265 (o
454 4197 482 4250 in
494 4199 562 4265 ras.)
583 4201 688 4249 anobis
707 4201 805 4250 reducet
819 4197 847 4252 Ε
934 4200 966 4253 ‘lb
985 4197 1091 4252 sinosB
1181 4199 1214 4253 17
1233 4201 1266 4249 ad
1278 4217 1351 4265 quem
1365 4217 1451 4250 amara
1467 4198 1490 4252 D

372 4289 496 4353 quamda3
516 4289 621 4340 libidine
640 4287 665 4340 B
775 4287 807 4341 18
832 4291 877 4338 nisi
896 4288 923 4342 B
942 4287 1003 4356 (sed
1019 4291 1044 4338 ni
1063 4289 1091 4341 in
1109 4289 1221 4355 rasura)
1241 4291 1311 4339 nesi
1330 4286 1385 4341 ΒΕ

268 4377 300 4430 19
320 4379 383 4428 oniis
402 4379 524 4443 agendum
544 4379 659 4428 mortales
681 4376 832 4444 Bquamuis
852 4380 973 4443 agendum
992 4379 1023 4428 sit
1042 4379 1157 4428 mortales
1180 4375 1230 4430 ΒΕ
1323 4377 1357 4445 22
1381 4378 1489 4428 solitudo

223 4487 225 4494 ⁴
267 4468 352 4532 [alium
371 4468 452 4535 labor]
472 4465 567 4536 Haupt
584 4468 732 4535 sollicitudo,
752 4468 826 4517 alium
845 4469 917 4516 labor
939 4463 1016 4519 ΒΒΕ
