3234 5336
505 385 545 426 DE
560 384 672 428 comes
687 382 924 426 brantosmense
1230 383 1329 424 xxxin

188 528 448 612 Disputationem
474 532 513 592 de
537 531 653 592 codicis
676 532 796 592 euentis
812 531 853 591 ad
870 529 963 590 finem
981 530 1133 608 perduxi.;
1160 529 1199 590 de
1217 531 1329 592 nostris

103 635 242 698 Senecae
274 637 317 697 ad
348 635 425 696 illius
457 635 553 697 fidem
584 637 773 698 emendandi
803 636 975 697 rationibus
997 651 1098 715 pauca
1121 637 1246 697 addam.
1295 635 1328 696 ln

105 763 166 820 quo
191 761 308 821 genere
333 741 469 822 primum
495 745 796 804 commemorandae
820 749 892 802 sunt
924 741 1074 802 lectiones
1097 742 1172 802 satis
1204 741 1330 814 multae,

103 867 178 926 quas
202 857 237 908 ut
261 846 312 909 uel
336 868 435 909 nouas
460 847 508 909 uel
532 847 689 910 obliuione
722 850 852 910 obrutas
884 867 925 908 ex
957 847 1025 928 ipso
1057 847 1166 908 codice
1190 847 1329 928 prolerre

102 952 222 1026 liceret,
256 952 359 1014 effecit
387 955 553 1016 coniuncta
576 953 723 1016 italorum
750 964 781 1016 et
805 953 941 1016 Fickerti
964 951 1171 1033 neglegentia.
1218 953 1331 1034 Neque
1366 951 1370 960 ’

62 1051 64 1060 ’
103 1068 224 1121 tantum
249 1059 327 1121 mihi
349 1062 499 1134 adsumo,
532 1069 565 1122 ut
589 1061 682 1141 siquis
707 1060 756 1122 uel
787 1061 887 1121 minus
919 1068 1003 1122 recte
1034 1059 1194 1141 quidpiam
1219 1059 1330 1140 legerit

104 1165 148 1227 uel
182 1186 280 1227 unum
313 1167 500 1244 alterumue
522 1168 653 1230 uerbum
686 1169 870 1230 intercidere
901 1187 1010 1248 passus
1044 1167 1084 1229 sit
1116 1165 1165 1228 uel
1196 1157 1328 1228 inmuta-

103 1273 178 1335 uerit
211 1273 358 1335 ordinem
390 1273 633 1350 uocabulorum,
665 1284 835 1356 propterea
865 1294 938 1336 eum
969 1274 1044 1335 odio
1081 1283 1112 1335 et
1144 1281 1329 1354 contemptu
1366 1287 1369 1302 ·

102 1381 358 1461 persequendum
383 1400 452 1442 esse
475 1400 638 1455 censeam,
670 1382 732 1444 hoc
756 1381 844 1454 dico,
876 1401 913 1442 ea
940 1380 1075 1460 quaein
1099 1379 1208 1442 codice
1232 1380 1326 1442 mani-

102 1485 179 1548 festo
203 1486 491 1568 deprehendantur,
515 1506 587 1549 cum
604 1487 653 1550 uel
678 1490 706 1550 in
724 1487 828 1550 multis
852 1486 901 1548 uel
925 1488 954 1548 in
977 1487 1116 1568 plurimis
1140 1486 1330 1549 editionibus

102 1613 162 1654 non
195 1594 300 1656 minus
324 1602 409 1655 recte
440 1595 555 1678 scripta
585 1595 661 1670 sint,
692 1615 820 1675 prorsus
844 1593 1026 1656 oblitterare
1047 1602 1086 1684 ,et
1109 1593 1197 1673 quasi
1221 1593 1329 1654 restin-

103 1720 208 1779 guere,
232 1720 297 1761 non
321 1700 433 1762 cadere
449 1701 487 1762 in
511 1701 666 1764 editorem
692 1701 882 1782 diligentem.
931 1699 1023 1762 Cuius
1043 1701 1172 1781 quidem
1197 1699 1331 1762 criminis

103 1827 195 1886 quarn
230 1825 326 1885 saepe
355 1807 481 1870 Fickert
512 1809 714 1870 conuincatur
745 1828 817 1870 cum
842 1807 1088 1870 commentarius
1119 1815 1228 1869 noster
1256 1806 1330 1867 satis

103 1913 227 1988 doceat,
252 1912 349 1974 doleo
374 1933 412 1975 ne
437 1913 589 1976 Haasium
613 1915 741 1995 quidem
766 1914 939 1976 accuratius
962 1923 1085 1975 ueteres
1109 1913 1261 1974 editiones
1285 1915 1328 1974 in-

104 2021 225 2099 spicere
249 2018 385 2080 uoluisse
401 2028 432 2080 et
450 2020 585 2083 Fickerti
609 2019 682 2082 fidei
706 2021 938 2102 emancipatum
955 2039 1037 2100 quae
1056 2018 1106 2082 ille
1122 2019 1332 2080 commisisset

103 2126 267 2188 dimidiata
298 2126 390 2208 culpa
423 2128 452 2188 in
483 2148 517 2189 se
548 2127 749 2190 transtulisse.
801 2126 881 2190 Sunt
913 2127 992 2188 haec
1022 2129 1145 2200 omnia,
1176 2134 1211 2188 ut
1242 2124 1330 2188 lacile

102 2235 340 2314 perspiciantur,
357 2234 432 2297 satis
448 2235 477 2295 in
493 2236 723 2297 commentario
740 2233 921 2314 significata,
945 2233 996 2296 hic
1012 2233 1122 2295 iterare
1138 2253 1218 2314 quae
1234 2231 1330 2302 liben-

102 2342 160 2400 tius
185 2341 317 2402 omnino
341 2339 464 2402 silentio
488 2342 704 2422 praeterirem,
729 2343 930 2422 supersedeo.
980 2339 1054 2421 Quo
1079 2341 1179 2420 magis
1203 2339 1331 2402 iuuabat

102 2466 172 2506 cum
198 2445 393 2509 felicissimas
421 2449 574 2528 quasdam
606 2446 1011 2522 coniecturasWoellflini,
1036 2446 1149 2521 Haasi,
1180 2445 1330 2524 Maduigi,

103 2551 218 2628 Gertzi,
243 2554 376 2614 aliorum
401 2557 576 2616 certissimo
600 2555 717 2616 codicis
741 2555 857 2616 lumine
881 2553 1057 2616 inlustratas
1082 2563 1114 2615 et
1129 2551 1330 2614 confirmatas

102 2659 252 2720 uidebam
278 2659 330 2720 uel
354 2681 425 2720 cum
449 2661 506 2742 ipsi
529 2670 564 2723 ut
588 2662 704 2722 eodem
733 2662 813 2723 duce
844 2670 876 2722 et
907 2669 1036 2722 auctore
1067 2659 1196 2721 uolnera
1227 2658 1330 2720 adhuc

102 2765 150 2825 uel
174 2777 289 2846 operta
321 2747 371 2827 uel
402 2777 512 2847 aperta
544 2776 577 2828 ut
608 2787 752 2830 sanarem
785 2760 999 2848 contingebat.
1046 2766 1195 2829 Ceterum
1226 2786 1277 2828 me
1300 2767 1330 2826 iu

101 2872 169 2952 ipsa
191 2869 336 2934 Senecae
365 2875 508 2936 oratione
532 2875 753 2936 constituenda
775 2883 928 2956 quantum
960 2873 1025 2936 fieri
1056 2874 1160 2954 potuit
1183 2882 1275 2935 caute
1299 2882 1330 2934 et

102 2980 331 3060 circumspecte
363 2991 522 3043 uersatum
554 3001 623 3044 esse
653 3002 778 3044 summa
808 2981 871 3044 fide
902 2980 1071 3043 adfirmare
1103 2979 1191 3054 licet,
1222 2982 1265 3042 ita
1297 2990 1330 3042 ut

101 3086 238 3147 eundem
271 3106 344 3148 cum
376 3091 406 3148 in
438 3097 581 3150 ueterum
603 3089 800 3162 ,coniecturis
838 3109 969 3170 quarum
1003 3087 1169 3150 latissimus
1200 3086 1328 3150 laetissi-

103 3211 235 3272 musque
258 3193 392 3274 patebat
416 3215 561 3275 campuS,
592 3204 659 3257 tum
684 3197 714 3258 in
738 3197 947 3258 recentiorum
972 3195 1112 3275 meisque
1135 3195 1328 3276 ipsiusreci·

100 3299 222 3377 piendis
245 3301 401 3362 tenuerim
425 3322 550 3364 cursum
573 3311 668 3383 atque
692 3305 773 3364 adeo
790 3302 882 3364 *haud
906 3323 977 3365 raro
1002 3321 1137 3382 eaquae
1153 3301 1328 3364 reiectanea

101 3422 172 3464 esse
189 3404 357 3468 manifesto
374 3419 547 3489 appareret,
570 3412 700 3472 omnino
717 3430 781 3470 non
805 3409 1131 3471 commemorauerim.
1179 3408 1330 3470 Rationes

100 3511 196 3591 ipsas,
219 3512 333 3592 quibus
358 3514 387 3574 in
410 3513 538 3595 singulis
563 3515 638 3578 locis
663 3518 774 3578 ductus
798 3536 882 3590 sum,
915 3516 971 3578 nisi
1002 3517 1033 3607 in
1057 3535 1089 3576 re
1113 3516 1277 3596 perspicua
1300 3523 1332 3576 et

100 3616 141 3678 ab
166 3615 233 3679 aliis
257 3617 307 3680 uel
332 3639 351 3681 a
375 3640 426 3681 me
448 3621 517 3701 ipso
541 3623 615 3683 satis
632 3621 799 3704 explicata,
824 3623 1008 3683 breuissime
1024 3624 1176 3697 enarraui,
1200 3620 1331 3710 aliorum

101 3743 186 3802 quae
210 3728 312 3788 minus
336 3725 512 3806 placebant,
537 3748 600 3790 non
625 3731 726 3791 minus
751 3729 886 3791 breuiter
909 3727 1047 3790 relutaui
1085 3743 1087 3746 ·

195 3829 258 3894 Sed
283 3831 362 3895 haec
385 3833 546 3899 hactenus,
591 3835 704 3897 Restat
727 3837 885 3898 succincta
909 3836 949 3897 de
973 3833 1190 3897 consolatione
1214 3836 1254 3896 ad
1271 3834 1329 3895 Po-

101 3935 226 4014 lybium
257 3939 441 4003 admonitio,
488 3940 540 4003 Ac
570 3941 705 4024 primum
738 3963 809 4004 eam
841 3941 1001 4004 Gertzium
1033 3950 1157 4003 secutus
1181 3943 1211 4004 in
1235 3939 1330 4001 finem

100 4044 212 4118 reieci,
242 4056 277 4108 ut
308 4067 417 4109 eorum
450 4048 664 4128 dialogorum,
696 4050 748 4129 qui
777 4050 888 4110 codice
911 4047 1128 4111 Ambrosiano
1152 4050 1330 4122 niterentur,

100 4160 259 4232 perpetua
282 4166 366 4214 esset
389 4153 589 4217 continuatio.
638 4153 870 4218 Consolationis
901 4165 1007 4218 autem
1037 4155 1115 4217 illius
1148 4174 1219 4217 cum
1249 4154 1329 4216 Am-

101 4257 269 4320 brosianus
308 4261 363 4322 nisi
409 4260 552 4342 reliquias
595 4261 759 4323 nonnullas
799 4282 914 4343 easque
960 4263 1135 4340 admodum
1183 4262 1331 4322 euanidas

102 4365 260 4446 praebeat
282 4367 364 4442 nihil,
388 4370 493 4430 reiecti
516 4388 623 4430 sumus
640 4369 680 4454 ad
696 4369 862 4431 deterioris
878 4370 995 4431 ordinis
1012 4370 1144 4430 codices
1176 4367 1204 4428 E
1220 4368 1333 4449 quibus

103 4475 250 4536 omniurn
272 4473 385 4537 iudicio
408 4476 710 4566 praestantissimum
728 4474 962 4538 Berolinensem
979 4493 1057 4536 saec.
1075 4473 1161 4536 XIV.
1180 4482 1213 4535 ut
1238 4495 1332 4536 manu

1106 4596 1119 4629 C
