3212 5318
303 355 376 398 nixu
394 355 422 398 x.
451 352 493 396 no
508 353 662 396 rnvurnvn
679 355 717 396 oa
732 337 1014 402 insulanensis.
1046 357 1077 402 n.
1094 359 1127 401 n.
1262 359 1324 420 235

111 499 166 562 illas
197 519 263 562 non
296 499 402 575 liceat,
440 501 535 564 horas
567 512 750 578 occurrunt,
782 523 861 584 quos
893 503 1021 584 quando
1055 501 1148 564 lauari
1179 501 1326 576 debeant,

111 607 231 688 quando
263 617 388 682 natare,
420 609 548 689 quando
579 627 708 683 cenare,
740 609 816 672 alius
839 611 1011 682 admonet:
1047 629 1144 690 usque
1167 629 1206 672 eo
1230 609 1326 670 nimio

112 713 228 776 delicati
252 714 346 778 animi
370 701 522 796 languor'e
546 715 722 790 soluuntur,
747 724 781 778 ut
804 737 860 797 per
883 737 917 778 se
941 717 1017 778 scire
1042 718 1263 798 nonpossint,
1287 735 1326 776 an

85 821 250 884 iesuriant.
296 822 391 883 audio
415 821 573 904 quendam
598 841 640 884 ex
664 822 816 898 delicatis,
840 823 865 884 si
888 824 988 886 modo
1013 823 1142 885 deliciae
1163 823 1328 885 uocandae

110 936 173 990 sunt
198 928 298 990 uitam
322 937 353 990 et
377 929 636 992 consuetudinem
661 927 832 992 humanam
856 928 1026 1005 dediscere,
1051 949 1122 992 cunr
1147 950 1188 992 ex
1212 928 1354 992 balneos

68 1013 70 1020 ¹
109 1034 182 1097 inter
207 1053 318 1096 manus
342 1034 441 1097 elatus
466 1044 497 1098 ct
522 1036 551 1096 in
574 1033 651 1098 sella
674 1037 794 1116 positus
818 1044 917 1111 esset,
941 1035 1059 1098 dixisse
1083 1035 1325 1116 interrogando:

10 1169 11 1218 f
109 1142 162 1203 iarn
205 1141 326 1203 sedeo?
365 1141 447 1203 hunc
485 1150 519 1203 tu
557 1141 774 1222 ignorantem,
812 1163 851 1204 an
891 1144 1017 1218 sedeat,
1032 1165 1042 1186 ·
1056 1153 1147 1226 putas
1178 1143 1258 1205 scire
1289 1161 1328 1205 an

10 1227 11 1232 ἵ
109 1248 196 1322 uiuat,
220 1267 262 1310 an
287 1248 400 1322 uideat,
425 1267 466 1310 an
489 1251 610 1310 otiosus
633 1250 693 1311 sit?
733 1269 797 1310 non
821 1248 909 1312 lacile
933 1249 1076 1324 dixerim,
1101 1259 1203 1312 utrum
1228 1250 1329 1330 magis

9 1359 10 1382 ¹
82 1356 268 1428 amiserear,
300 1356 325 1416 si
357 1353 419 1416 hoc
450 1355 619 1434 ignorauit,
653 1375 692 1418 an
724 1358 750 1418 si
782 1356 926 1436 ignorare
957 1375 991 1418 se
1015 1356 1112 1420 linxit.
1160 1355 1328 1418 multarum

9 1511 10 1538 ,
108 1461 231 1542 quidem
265 1481 368 1522 rerum
401 1461 593 1523 obliuionem
625 1463 777 1536 sentiunt,
809 1463 866 1524 sed
899 1462 1069 1524 multarum
1099 1473 1130 1524 et
1161 1462 1328 1524 imitantur.
1346 1478 1369 1519 ιο

108 1570 261 1649 quaedam
287 1569 363 1632 uitia
384 1567 469 1642 illos,
501 1569 588 1660 quasi
612 1567 766 1632 felicitatis
790 1577 993 1650 argumenta,
1027 1569 1192 1632 delectant.
1239 1569 1330 1631 nimis

9 1677 10 1706 l
108 1674 227 1738 humilis
253 1684 286 1736 et
310 1675 485 1757 contempti
508 1675 644 1738 hominis
668 1676 790 1738 uidetur
813 1677 892 1739 scire
915 1677 990 1758 quid
1013 1675 1125 1739 saciat:
1160 1677 1168 1738 i
1192 1696 1273 1738 nunc
1298 1685 1329 1738 et

10 1761 11 1768 ἵ
109 1785 219 1844 mimos
245 1779 345 1844 multa
368 1783 491 1844 mentiri
515 1784 557 1844 ad
580 1781 841 1863 exprobrandam
865 1783 1021 1846 luxuriam
1045 1793 1131 1864 puta.
1170 1783 1258 1866 plura
1279 1803 1330 1845 me

9 1875 10 1942 l
108 1887 247 1951 hercules
270 1897 471 1969 praetereunt
495 1909 590 1970 quarn
614 1888 735 1970 fingunt
759 1899 790 1952 et
806 1898 928 1953 tantum
945 1889 1167 1952 incredibilium
1186 1891 1330 1952 uitiorum

9 1993 10 2050 l
108 1996 194 2078 copia
226 1996 392 2076 ingenioso
424 1996 454 2058 in
482 1995 544 2058 hoc
567 2017 662 2058 unum
687 1993 793 2058 seculo
817 1998 985 2078 processit,
1019 1998 1138 2059 utiam
1162 1997 1330 2059 mimorum
1348 2013 1371 2052 u

8 2115 10 2172 ἰ
108 2121 237 2184 arguere
255 2103 417 2184 possimus
441 2103 684 2194 neglegentiam.
721 2122 791 2166 esse
806 2103 953 2186 aliquem,
977 2105 1029 2186 qui
1045 2123 1143 2184 usque
1159 2123 1198 2166 eo
1214 2103 1331 2166 deliciis

9 2185 10 2198 ἵ
81 2209 272 2284 linterierit,
305 2218 338 2272 ut
368 2230 408 2272 an
440 2211 551 2272 sedeat
582 2209 670 2272 alteri
699 2212 828 2274 credat?
868 2229 932 2272 non
956 2218 1005 2273 est
1028 2229 1105 2291 ergo
1129 2208 1180 2273 hic
1203 2212 1331 2273 otiosus.

109 2315 186 2377 aliud
210 2315 253 2378 illi
277 2333 394 2378 nomen
418 2317 568 2396 inponas:
603 2335 698 2398 aeger
722 2327 779 2392 est,
803 2318 902 2380 immo
924 2327 1067 2381 mortuus
1088 2326 1144 2386 est.
1183 2317 1233 2379 ille
1250 2318 1330 2381 otio-

109 2443 156 2484 sus
188 2432 253 2497 est,
286 2425 333 2485 cui
365 2424 419 2485 otii
438 2425 496 2496 ¹sui
527 2433 559 2494 et
590 2443 699 2485 sensus
729 2432 794 2486 est:
830 2423 880 2486 hic
904 2445 980 2486 uero
1004 2427 1187 2500 seminium,
1220 2425 1267 2486 cui
1291 2425 1332 2487 ad

109 2528 338 2609 intellegendos
361 2532 503 2609 corporis
525 2529 571 2591 sui
594 2529 720 2594 habitus
741 2529 842 2593 Indice
858 2549 939 2612 opus
956 2539 1012 2594 est.
1044 2533 1209 2612 quomodo
1226 2541 1373 2613 potesta

112 2631 182 2720 [hic]
207 2633 297 2697 ullius
312 2636 474 2736 'temporis
497 2635 644 2698 dominus
668 2639 757 2698 esse?

85 2751 91 2800 l
197 2741 279 2802 XIII.
320 2742 466 2822 Persequi
496 2741 636 2822 sIngulos
668 2743 800 2823 longum
832 2753 895 2818 est,
928 2764 1063 2824 quorum
1096 2754 1150 2809 aut
1173 2745 1333 2807 latrunculi

110 2856 160 2910 aut
185 2848 248 2927 pila
271 2857 325 2909 aut
349 2849 547 2929 excoquendi
571 2852 602 2912 in
625 2849 693 2911 sole
717 2853 859 2932 corporis
883 2871 956 2914 cura
980 2871 1205 2934 consumpsere
1227 2854 1332 2915 uitam.

110 2973 172 3015 non
195 2964 268 3016 sunt
292 2955 399 3030 otiosi,
423 2975 557 3035 quorum
581 2957 762 3037 uoluptates
786 2957 918 3020 multum
942 2960 1061 3038 negotii
1085 2957 1213 3021 babent.
1260 2979 1332 3020 nam

111 3063 149 3122 de
181 3061 237 3124 illis
261 3081 357 3124 nemo
382 3061 554 3137 dubitabit,
585 3065 659 3144 quIn
684 3083 819 3144 operose
843 3062 917 3126 nihil
940 3074 1053 3144 agant,
1085 3067 1137 3146 qui
1161 3064 1333 3128 litterarum
1348 3078 1373 3120 2⁵

111 3167 258 3230 inutilium
280 3168 390 3230 studiis
407 3168 594 3244 detinentur,
615 3189 697 3250 quae
714 3173 776 3233 iam
793 3171 877 3253 apud
894 3171 1058 3233 Romanos
1075 3191 1202 3253 quoque
1218 3192 1335 3253 magna

82 3283 94 3332 'l
113 3293 220 3336 manus
244 3284 302 3338 est.
350 3273 544 3338 Graecomm
569 3275 628 3338 iste
652 3277 782 3339 morbus
803 3277 858 3340 fuit
874 3298 1033 3360 quaerere,
1057 3297 1152 3359 quern
1169 3298 1333 3341 numerum

113 3380 221 3443 Vlixes
252 3383 409 3462 remigum
441 3380 617 3457 habuisset,
648 3385 734 3464 prior
764 3385 880 3465 scripta
911 3393 995 3448 esset
1019 3384 1088 3447 Ilias
1112 3405 1152 3448 an
1176 3384 1333 3466 Odyssea,

113 3496 275 3567 praeterea
307 3508 346 3549 an
377 3488 517 3550 eiusdem
549 3497 653 3551 essent
681 3493 832 3566 auctoris,
864 3490 923 3553 alia
946 3492 1095 3571 deinceps
1118 3489 1208 3553 huius
1232 3500 1333 3565 notae,

115 3613 190 3620 -—-
215 3615 221 3620 .
250 3615 276 3620 --
303 3614 322 3618 --

119 3716 126 3766 l
152 3673 229 3767 laiari
345 3719 361 3768 2
387 3733 461 3780 usque
482 3713 578 3769 Gertz:
601 3723 623 3766 el
643 3735 696 3782 usq3
814 3721 829 3770 n
855 3721 1030 3786 interrogando
1051 3723 1095 3787 (ilo
1114 3721 1141 3774 in
1161 3723 1227 3786 ras.)

115 3839 227 3892 iscire*
323 3839 356 3892 12
375 3840 450 3890 saciat
470 3841 488 3906 (t
501 3842 584 3906 corr.)
677 3844 764 3892 inune
784 3843 874 3895 nescio
894 3843 968 3912 quis:
991 3847 1014 3894 in
1035 3808 1095 3895 hunc
1195 3847 1224 3897 13
1246 3821 1336 3894 meher-

116 3930 174 3980 cules
268 3928 300 3981 14
320 3937 411 3979 tantum
431 3925 520 3981 Koch:
542 3937 609 3980 tanta
700 3931 733 3983 16
753 3933 848 3996 quiusq;
870 3948 923 3982 eo*
1014 3933 1335 3990 idaliudillicodaliud

116 4067 192 4140 culpo
322 4069 354 4122 19
380 4027 500 4134 estiubtiil
525 4071 615 4138 (tertia
635 4074 757 4142 ipostua
775 4072 881 4140 addila)
902 4078 937 4125 sui
1063 4074 1097 4127 20
1116 4077 1277 4140 inlegsndos
1296 4076 1334 4139 (in

118 4158 231 4228 margine
250 4175 285 4215 m.
307 4160 321 4210 2
342 4159 383 4222 tel)
479 4159 511 4212 21
539 4161 609 4210 ullius
628 4159 751 4231 Lipsius:
773 4164 886 4214 hiculllus
922 4195 926 4204 ·
994 4166 1109 4229 temporis
1128 4165 1242 4214 dominus
1261 4165 1336 4231 (anie

119 4282 224 4333 dominns
243 4281 312 4335 salis
325 4298 424 4352 ntapna
437 4285 503 4352 ras.)
594 4285 627 4338 22
647 4261 756 4352 persequi
847 4289 880 4340 23
901 4304 1046 4354 consupsere
1137 4288 1170 4340 25
1190 4265 1245 4354 quin

120 4369 205 4430 literali
321 4371 354 4423 28
380 4388 411 4420 nn
430 4374 533 4436 odyssea
553 4376 603 4436 (an,
623 4391 646 4439 y,
667 4392 680 4422 e
699 4377 782 4439 corr.)
891 4375 924 4432 29
950 4383 1027 4426 esseni
1049 4375 1144 4432 Gertz:
1167 4387 1227 4428 esset

120 4462 239 4510 auctoris*
