3212 5326
282 315 343 375 106
612 280 616 286 ’
674 309 753 352 oras.
768 309 794 352 v.
823 309 864 350 ou
878 309 930 351 rau
945 309 1000 352 urs.
1016 309 1055 350 111.
1085 311 1119 352 ra.

279 466 326 532 et,
365 466 410 532 te,
441 459 557 537 inquit,
596 458 797 539 suspendere.
858 442 1033 538 indignatio
1065 458 1334 518 circumstantium
1366 457 1408 518 ad
1440 464 1537 518 tam3

278 563 483 625 inhumanum
516 583 702 645 responsum
734 573 850 626 exorta
878 573 953 626 erat
999 583 1080 644 quos
1103 562 1264 651 Philippus
1293 565 1510 625 conticescere

279 672 369 733 iussit
391 678 426 732 et
441 669 622 735 Thersitam
645 670 730 732 illurn
753 670 875 733 saluum
899 670 1154 750 incolumemque
1177 671 1344 733 dimittere.
1384 679 1417 732 at
1441 690 1509 744 uoS,

280 779 389 858 inquit,
413 780 509 840 ceteri
532 777 637 859 legati,
660 781 802 841 nuntiate
825 777 1075 840 Atheniensibus
1096 776 1197 840 multo
1212 776 1412 858 superbiores
1429 797 1510 850 esse,

254 887 333 965 equi
363 887 425 946 ista
454 886 563 947 dicunt
592 906 688 966 quam
720 889 772 965 qui
802 888 918 966 inpune
947 886 1035 948 dicta
1057 885 1196 947 audiunt.
1241 884 1340 947 multa
1362 894 1396 948 et
1418 883 1537 946 diuusl

280 991 447 1072 Augustus
470 992 567 1072 digna
590 996 745 1055 memoria
768 992 842 1055 lecit
865 994 1017 1073 dixitque,
1051 982 1229 1072 exquibus
1253 1001 1405 1073 appareat
1429 995 1508 1052 iram

280 1097 321 1159 illi
352 1118 414 1161 non
442 1101 623 1179 imperasse.
670 1099 861 1181 Timagenes
884 1098 1087 1162 historiarum
1119 1101 1269 1186 scriptor·
1286 1099 1447 1180 quaedam
1479 1101 1508 1160 in

280 1208 394 1284 ipsum,
416 1205 575 1286 quaedam
599 1208 629 1267 in
653 1227 788 1268 uxorem
813 1208 879 1268 eius
902 1217 935 1269 et
958 1209 990 1269 in
1014 1215 1119 1268 totam
1143 1207 1276 1269 domum
1300 1207 1429 1268 dixerat
1452 1225 1510 1266 nec

281 1312 464 1391 perdiderat
494 1313 586 1374 dicta.
641 1315 742 1394 magis
773 1315 857 1376 enim
889 1311 1104 1376 circumfertur
1135 1323 1168 1375 et
1198 1317 1229 1374 in
1260 1332 1316 1374 ore
1342 1311 1508 1374 hominum

244 1433 267 1472 ¹⁰
282 1427 331 1480 est
361 1421 529 1482 temeraria
559 1419 730 1482 urbanitas,
775 1419 979 1501 saepe-illum
1005 1419 1121 1483 Caesar
1145 1421 1281 1494 monuit,
1313 1420 1536 1480 moderatiust

282 1524 389 1605 lingua
412 1534 571 1588 utereture
606 1529 820 1606 perseueranti
843 1526 943 1589 domo
967 1547 1023 1588 sua
1046 1529 1218 1590 interdixit.
1264 1535 1379 1607 postea
1403 1525 1507 1587 Tima-

283 1650 381 1711 genes
398 1634 443 1694 ·in
474 1632 683 1696 contubernio
714 1633 863 1696 Pollionis
895 1633 987 1696 Asini
1019 1636 1183 1696 consenuit
1214 1654 1252 1695 ac
1281 1643 1353 1696 tota
1384 1635 1509 1694 ciuitate

209 1777 212 1784 ·
285 1741 426 1818 direptus
449 1749 506 1802 est.
552 1739 734 1803 nullumilli
758 1740 854 1802 limen
876 1741 1041 1821 praeclusa
1064 1740 1207 1802 Caesaris
1233 1743 1349 1802 domus
1372 1740 1508 1820 apstulit.
1594 1771 1595 1804 3

284 1846 431 1908 historias
461 1865 539 1927 quas
570 1856 683 1927 postea
706 1850 883 1928 scripserat,
915 1850 1056 1910 recitauit
1086 1848 1129 1927 let
1154 1844 1327 1932 conbussit]
1357 1857 1391 1909 et
1414 1847 1535 1908 librosss
1594 1829 1595 1888 l

247 1977 270 2014 rs
285 1962 357 2015 acta
390 1951 532 2015 Caesaris
556 1951 694 2034 Augusti
725 1956 915 2018 continentis
944 1957 975 2015 in
1005 1957 1112 2034 ignem
1144 1957 1290 2034 inposuit.
1335 1955 1508 2015 inimicitias

285 2063 383 2140 gessit
413 2078 486 2121 cum
511 2057 666 2122 Caesare:
708 2081 804 2123 nemo
835 2064 1006 2136 amicitiam
1030 2063 1096 2123 eius
1120 2064 1280 2135 extimuit,
1303 2081 1400 2122 nemo
1424 2061 1508 2141 quasi

284 2166 466 2248 fulguritum
506 2165 629 2247 refugit.
682 2165 738 2228 luit
769 2171 822 2247 qui
852 2167 1021 2248 praeberet
1051 2177 1118 2230 tam
1150 2167 1213 2230 alte
1244 2166 1369 2230 cadenti
1401 2169 1508 2229 sinum.

285 2273 356 2336 tulit
379 2273 454 2348 hoc,
487 2283 521 2336 ut
545 2275 624 2348 dixi,
657 2271 775 2336 Caesar
804 2277 974 2354 patienter,
1006 2295 1046 2336 ne
1069 2295 1108 2336 eo
1132 2276 1261 2355 quidem
1285 2283 1402 2348 motus,
1426 2274 1535 2354 quod?

285 2380 430 2442 laudibus
465 2382 528 2442 suis
566 2381 723 2462 rebusque
751 2359 848 2460 gestis
876 2401 988 2444 manus
1016 2380 1183 2444 adtulerat.
1236 2401 1409 2465 numquam
1441 2399 1505 2441 cum

247 2503 273 2543 ²⁰
287 2487 414 2568 hospite
449 2489 562 2550 inimici
586 2489 640 2548 -sui
671 2498 801 2568 questus
832 2497 889 2551 est.
943 2487 1005 2550 hoc
1036 2489 1207 2550 dumtaxat
1238 2487 1369 2550 Pollioni
1399 2486 1507 2549 Asinio

288 2593 387 2656 dixit:
429 2593 681 2676 θηριοτροφεῑς.
739 2598 862 2675 paranti
898 2595 1013 2658 deinde
1045 2596 1284 2657 excusationem
1316 2597 1440 2676 opstitit
1469 2595 1534 2666 etl

287 2699 403 2776 fruere,
443 2703 558 2782 inquit,
597 2703 639 2762 mi
678 2700 794 2776 Pollio,
832 2701 940 2764 fruere.
994 2710 1028 2764 et
1066 2723 1138 2764 cum
1176 2701 1278 2764 Pollio
1317 2703 1449 2776 diceret,
1484 2701 1507 2761 si

288 2809 391 2882 iubes,
424 2805 552 2883 Caesar,
585 2810 694 2870 statim
725 2808 766 2870 illi
789 2809 890 2871 domo
914 2827 986 2871 mea
1008 2810 1209 2884 interdicam,
1232 2810 1305 2871 hoc
1327 2830 1388 2884 me,
1415 2811 1506 2889 inquit

287 2924 381 3003 putas
404 2914 567 2988 facturum,
591 2935 663 2976 cum
687 2933 750 2996 ego
773 2935 831 2978 uos
855 2919 887 2977 in
911 2919 1046 2996 gratiam
1071 2916 1270 2978 reduxerim?
1302 2915 1402 2978 firerat
1429 2917 1504 2976 enim

248 3035 274 3074 2⁵
289 3021 456 3103 aliquando
477 3020 644 3102 Timageni
668 3021 768 3084 Pollio
792 3025 889 3085 iratus
912 3043 970 3085 nec
994 3022 1088 3085 ullam
1105 3022 1199 3084 aliam
1215 3021 1371 3085 habuerat
1387 3041 1504 3084 causam

290 3129 463 3202 desinendi,
486 3147 581 3208 quam
605 3130 692 3209 quod
717 3128 834 3192 Caesar
857 3140 1015 3210 coeperat.

610 3329 618 3360 t

291 3389 397 3443 3sa1un
418 3381 493 3459 (reis)
592 3376 625 3443 ad
726 3391 1035 3458 71magineslu'eetu.
1057 3397 1085 3446 ll
1107 3392 1201 3450 sedat.
1222 3397 1253 3446 25
1275 3396 1391 3460 timageni

291 3479 351 3532 9in
370 3497 413 3530 ore
431 3483 504 3551 (post
522 3483 546 3530 in
566 3496 623 3534 ras.
641 3480 696 3550 suit
715 3481 741 3547 n)
847 3481 879 3533 10
898 3498 967 3532 cesar
1070 3483 1100 3534 ll
1122 3485 1198 3533 domu
1301 3482 1333 3535 13
1353 3484 1455 3548 direptus
1470 3488 1501 3529 est
1594 3522 1595 3526 ,

292 3566 327 3621 de
345 3567 398 3622 leue
417 3585 484 3622 rcoce
503 3568 540 3639 ef.
562 3567 622 3623 Ouo
641 3567 710 3622 Iulm
728 3567 834 3639 proleg.
853 3568 892 3622 ud
909 3567 988 3624 Pers.
1003 3585 1033 3639 p.
1053 3569 1152 3623 XLIX
1165 3568 1239 3634 adn,
1263 3571 1360 3624 iterum
1378 3569 1502 3624 inuenitur

292 3657 326 3710 de
345 3657 419 3713 bren.
437 3659 484 3712 nil.
500 3662 523 3726 7,
544 3661 558 3711 8
632 3660 730 3709 abstulit
750 3659 776 3724 (b
795 3674 867 3715 corr.
887 3674 926 3713 ex
945 3661 971 3725 p)
1045 3659 1077 3711 11
1098 3665 1121 3710 et
1139 3661 1274 3710 combussit
1286 3659 1390 3714 inducit
1401 3656 1500 3726 Madm'q

396 3801 425 3852 15
446 3747 604 3851 continenilis
611 3801 761 3870 (suprascr.
782 3817 816 3857 m.
837 3802 904 3867 rec.)
1006 3804 1031 3851 in
1049 3803 1132 3868 ignem
1151 3803 1259 3867 inposuit
1276 3800 1368 3856 Koch:
1389 3803 1501 3866 inignem

292 3890 373 3955 posuit
393 3887 452 3944 cod.
474 3887 604 3944 Similiter
624 3889 684 3944 Ter.
704 3888 791 3946 Andr.
813 3895 835 3952 l,
860 3896 880 3953 l,
904 3893 950 3942 102
977 3893 1002 3940 in
1027 3893 1109 3956 ignem
1134 3893 1263 3957 inpositast
1287 3889 1362 3946 BCD
1380 3888 1503 3961 praebent

293 3980 374 4044 posita
392 3983 442 4033 est;
465 3976 569 4033 Seneca
588 3979 645 4049 ipse
665 3977 699 4031 de
717 3978 792 4035 clem.
812 3982 835 4042 2,
849 3984 873 4043 4,
889 3981 902 4030 2
923 3977 962 4031 ad
982 3977 1090 4032 Terenti
1106 3979 1262 4051 exemplum
1281 3979 1368 4034 dixer:
1390 3981 1501 4044 inignem

292 4068 362 4117 uiuos
385 4068 516 4132 inponunt,
542 4083 629 4136 neque
649 4065 842 4132 dubitandum,
867 4067 932 4137 quin
957 4066 1008 4123 hoo
1033 4067 1092 4122 loco
1117 4073 1143 4122 et
1167 4068 1206 4123 ad
1218 4066 1317 4147 'Marc
1346 4072 1417 4135 17,7
1441 4065 1500 4120 idem

276 4189 489 4245 ‘restituendum
507 4191 557 4250 sin
579 4188 694 4262 Maduiq
708 4190 802 4245 maluit
820 4193 915 4256 inigne
933 4194 1014 4259 posuit
1088 4193 1120 4246 17
1139 4152 1280 4260 fulgurillrm
1353 4193 1384 4247 19
1402 4191 1499 4242 attulerat

294 4279 384 4348 (prior
402 4288 410 4331 t
430 4275 543 4347 corni*
605 4279 639 4332 20
657 4287 754 4345 questus
843 4280 877 4332 21
897 4283 1016 4362 theriotro
1036 4283 1091 4346 phis
1181 4285 1275 4333 obstitit
1295 4284 1321 4347 (b
1340 4297 1377 4336 ecc
1394 4300 1409 4348 p
1427 4279 1498 4343 corr.)

410 4380 430 4409 c.
445 4367 519 4408 fruere

366 4421 400 4475 22
419 4424 511 4472 seruere
530 4423 681 4492 (suprascr.
701 4439 733 4474 m.
754 4426 781 4488 l)
854 4422 887 4474 211
908 4433 1005 4489 ceperat
