3212 5326
286 367 327 430 52
664 363 744 408 DlAL.
760 365 801 408 111.
829 365 869 406 DE
885 365 936 406 IRA
951 365 1006 408 LlB.
1022 365 1040 409 l.
1054 369 1087 409 18.
1105 367 1137 408 19.

285 510 412 589 roganti
441 518 568 592 tempus
599 509 728 591 aliquod
758 511 801 572 ad
831 511 1080 593 conquirendum
1111 531 1176 572 non
1200 512 1298 573 dedit.
1345 512 1511 574 damnatus

286 626 379 679 extra
401 615 518 678 uallum
542 617 715 698 productus
740 625 788 678 est
803 625 836 678 et
852 618 914 679 iam
931 618 1085 679 ceruicem
1101 617 1294 698 porrigebat,
1318 639 1390 680 cum
1406 617 1510 680 subito

286 724 431 805 apparuit
467 723 518 784 ille
557 722 731 784 commilito
772 725 824 804 qui
862 723 983 785 occisus
1021 723 1196 786 uidebatur.
1257 732 1331 786 tunc
1370 725 1538 791 centurior

285 829 438 912 supplicio
455 830 652 911 praepositus
669 830 808 892 condere
819 829 960 910 gladium
970 830 1202 912 speculatorem
1212 828 1309 905 iubet,
1325 831 1510 892 damnatum

259 949 272 988 ⁵
286 936 328 998 ad
340 935 488 998 Pisonem
507 937 626 998 reducit
642 935 821 998 redditurus
831 935 934 998 Pisoni
947 937 1174 998 innocentiam:
1199 956 1273 998 nam
1287 937 1375 998 militi
1387 935 1511 998 fortuna

286 1042 478 1103 reddiderat.
530 1042 650 1122 ingenti
680 1063 835 1104 concursu
867 1042 1066 1103 deducuntur
1095 1041 1243 1123 conplexi
1275 1041 1355 1104 alter
1377 1041 1510 1103 alterum

286 1166 358 1209 cum
387 1167 506 1228 magno
530 1149 648 1228 gaudio
671 1159 847 1212 castrorum
870 1145 1109 1210 commilitones.
1164 1150 1348 1210 conscendit
1377 1148 1510 1210 tribunal

286 1253 390 1314 surens
405 1253 478 1315 Piso
492 1273 529 1315 ac
545 1254 720 1317 iubetduci
735 1263 911 1335 utrumque,
928 1262 960 1316 et
976 1274 1048 1315 eum
1065 1257 1117 1334 qui
1133 1273 1199 1315 non
1214 1255 1372 1316 occiderat
1389 1264 1422 1316 et
1439 1273 1508 1315 eum

285 1361 337 1441 qui
353 1378 417 1421 non
433 1361 577 1442 perierat.
608 1361 684 1440 quid
699 1361 762 1423 hoc
777 1361 949 1441 indignius?
971 1362 1043 1442 quia
1059 1381 1137 1422 unus
1154 1361 1303 1422 innocens
1312 1369 1507 1442 apparuerat,
1524 1375 1536 1426 5

246 1467 350 1528 uduo
381 1465 535 1548 peribant.
580 1467 653 1529 Piso
684 1468 798 1529 adiecit
826 1475 858 1529 et
881 1469 1016 1529 tertium.
1061 1486 1135 1543 nam
1159 1467 1261 1548 ipsum
1286 1467 1509 1540 centurionem,

285 1575 337 1654 qui
369 1573 554 1634 damnatum
586 1573 771 1649 reduxerat,
800 1574 871 1634 duci
903 1574 998 1635 iussit.
1049 1573 1211 1634 constituti
1242 1574 1369 1634 suntin
1393 1573 1508 1634 eodem

283 1677 337 1740 illo
367 1677 440 1740 loco
468 1679 595 1760 perituri
617 1688 681 1741 tres
706 1679 749 1740 ob
773 1680 861 1740 unius
884 1679 1104 1742 innocentiam.
1153 1700 1173 1741 o
1204 1700 1299 1759 quam
1328 1679 1440 1741 sollers
1464 1688 1538 1744 ests

284 1785 443 1846 iracundia
472 1786 514 1847 ad
544 1785 709 1866 fingendas
747 1805 856 1848 causas
894 1784 1025 1847 luroris!
1078 1794 1123 1860 te,
1160 1786 1271 1867 inquit,
1304 1786 1375 1848 duci
1405 1785 1506 1858 iube0,

285 1893 358 1972 quia
382 1893 550 1954 damnatus
574 1911 617 1953 es,
663 1901 711 1966 te,
740 1893 812 1972 quia
836 1912 930 1953 causa
953 1893 1163 1954 damnationis
1187 1892 1396 1954 commilitoni
1419 1891 1506 1954 luisti.

246 2013 270 2054 11
284 2006 333 2072 10,
371 2000 443 2078 quia
479 1998 578 2059 iussus
618 1999 762 2060 occidere
800 1999 983 2078 imperatori
1021 2017 1085 2059 non
1123 1999 1259 2081 paruisti
1315 2000 1507 2079 excogitauit

284 2105 558 2187 quemadmodum
581 2105 640 2165 tria
663 2105 791 2166 crimina
814 2102 939 2177 faceret,
963 2105 1035 2184 quia
1058 2103 1176 2165 nullum
1200 2105 1370 2165 inuenerat.

374 2210 460 2271 XIX.
507 2210 628 2284 Habet,
659 2210 800 2292 inquam,
830 2210 990 2272 iracundia
1021 2209 1084 2272 hoc
1115 2210 1209 2272 mali:
1252 2229 1317 2270 non
1344 2208 1411 2270 uult
1435 2203 1535 2290 regii

283 2318 424 2379 irascitur
453 2317 576 2378 ueritati
605 2317 675 2398 ipsi,
707 2317 733 2377 si
764 2325 875 2377 contra
904 2315 1101 2378 uoluntatem
1124 2335 1214 2377 suam
1238 2316 1391 2398 apparuit.
1437 2336 1505 2378 cum

284 2424 423 2485 clamore
455 2430 487 2484 et
517 2423 652 2484 tumultu
684 2431 717 2484 et
747 2423 843 2484 totius
871 2408 1208 2505 corporis‘iactatione
1236 2443 1317 2504 quos
1341 2423 1504 2485 destinauit

241 2544 267 2585 11
281 2531 452 2610 insequitur
483 2529 611 2622 adiectis
642 2530 789 2591 conuiciis
820 2527 1065 2609 maledictisque.
1116 2528 1179 2591 hoc
1209 2549 1274 2590 non
1302 2527 1376 2590 10011
1407 2531 1535 2593 1011οε2
1597 2555 1598 2637 q

281 2637 339 2698 sed
362 2637 388 2698 si
411 2636 454 2696 110
477 2655 556 2716 opus
580 2644 636 2710 est,
660 2634 752 2696 silens
776 2636 942 2716 quietaque
965 2643 1050 2696 totas
1075 2636 1190 2697 domus
1214 2633 1352 2698 funditus
1376 2634 1456 2696 tollit
1475 2643 1505 2694 et

281 2742 419 2806 familias
450 2741 639 2822 reipublicae
669 2741 852 2823 pestilentes
883 2760 955 2803 cum
987 2741 1171 2822 coniugibus
1203 2760 1240 2802 ac
1270 2740 1375 2803 liberis
1398 2742 1505 2824 perdit,

280 2858 366 2911 tecta
396 2851 464 2931 ipsa
492 2849 585 2910 diruit
608 2856 640 2910 et
663 2847 733 2910 solo
758 2845 917 2929 exaequat
940 2857 973 2909 et
995 2849 1120 2910 inimica
1141 2847 1277 2910 libertati
1300 2849 1430 2909 nomina
1451 2867 1503 2908 ex-

280 2957 393 3037 tirpat:
427 2954 491 3017 hoc
513 2975 578 3016 non
601 2952 748 3041 frendens
771 2975 832 3015 1100
854 2963 949 3036 caput
971 2974 1124 3036 quassans
1147 2955 1397 3035 necquicquam
1421 2953 1502 3014 inde·
1596 3015 1597 3042 ,

241 3076 267 3118 ²5
281 3081 391 3123 corum
414 3060 507 3122 iudici
529 3058 653 3135 faciens
677 3061 762 3122 cuius
786 3068 853 3121 tum
867 3039 1019 3122 ¹maxime
1043 3060 1184 3142 placidus
1207 3080 1277 3122 esse
1301 3059 1399 3122 debet
1423 3060 1503 3120 etin
1596 3059 1597 3095 1

282 3175 365 3229 statu
376 3165 487 3240 uoltus,
504 3185 576 3227 cum
587 3161 704 3246 magna
712 3168 901 3248 pronuntiat.
932 3166 1015 3246 quid
1019 3177 1097 3246 opus
1105 3175 1159 3244 est,
1177 3168 1276 3247 inquit
1285 3165 1504 3245 Hieronymus
1521 3179 1535 3230 3

178 3309 182 3324 ·
282 3292 352 3334 cum
376 3271 456 3333 uelis
478 3271 610 3333 caedere
631 3271 781 3354 aliquem,
806 3281 862 3334 tua
878 3273 976 3352 prius
999 3273 1094 3334 labra
1118 3271 1288 3334 mordere?
1311 3273 1396 3353 quid,
1419 3273 1443 3333 si
1457 3271 1508 3334 ille.

281 3367 423 3440 uidisset¹
441 3377 637 3440 desilientem
668 3379 717 3460 de,
732 3378 879 3440 tribunali
902 3379 1126 3460 proconsulem
1149 3387 1182 3441 et
1205 3377 1306 3440 fasces
1329 3378 1431 3440 lictori
1453 3399 1502 3440 au·
1595 3423 1596 3464 ἦ

173 3473 178 3479 ”
283 3481 436 3564 ferentem
468 3495 500 3546 et
530 3493 653 3546 suamet
685 3486 874 3547 uestimenta
894 3485 1115 3559 ¹scindentem,
1147 3486 1219 3566 quia
1241 3486 1361 3546 tardius
1385 3485 1502 3547 scinde·
1595 3467 1596 3553 l

241 3604 266 3644 30
281 3592 396 3654 bantur
419 3591 538 3652 aliena?
582 3591 658 3672 quid
689 3611 769 3672 opus
793 3599 840 3652 est
864 3589 1007 3653 mensam
1031 3595 1193 3653 euertere?
1225 3591 1300 3673 quid
1324 3590 1437 3673 pocula
1451 3591 1536 3652 adl

282 3698 406 3780 fligere?
445 3698 522 3779 quid
550 3717 585 3759 se
615 3699 646 3759 in
677 3697 840 3759 columnas
871 3698 1054 3780 inpingere?
1093 3696 1168 3779 quid
1202 3695 1332 3778 capillos
1355 3696 1503 3759 auellere?
1594 3749 1595 3760 ,

280 3802 381 3867 femur
411 3812 585 3885 pectusque
614 3807 799 3884 percutere?
839 3813 990 3884 quantam
1013 3804 1091 3864 iram
1115 3812 1220 3886 putas,
1252 3822 1347 3884 quae,
1381 3804 1450 3884 quia
1471 3802 1502 3862 in
1594 3793 1595 3814 ¹

281 3910 375 3972 alium
399 3931 463 3971 non
488 3918 555 3971 tam
578 3910 642 3971 cito
666 3929 762 3990 quam
785 3909 852 3970 uult
875 3911 1019 3991 erumpit,
1042 3910 1073 4002 ip
1088 3929 1132 3971 se
1147 3911 1335 3977 reuertitur?
1366 3915 1506 3969 tenentur

282 4018 387 4097 itaque
416 4037 435 4078 a
457 4016 612 4098 proximis
636 4023 668 4076 et
691 4024 852 4096 rogantur,
875 4025 909 4077 ut
932 4015 990 4077 sibi
1014 4016 1071 4098 ipsi
1094 4015 1265 4098 placentur.
1311 4033 1441 4095 quorum
1463 4011 1505 4072 nil
1523 4025 1537 4074 ,1

282 4177 493 4188 -η-η-

269 4279 317 4332 ’10
335 4281 476 4344 periebant
550 4279 582 4331 13
600 4280 648 4344 lqd
670 4279 697 4345 (d
711 4293 784 4332 corr.
804 4278 831 4331 in
849 4279 867 4344 t)
943 4279 977 4332 18
995 4279 1146 4330 uoluntatem
1166 4277 1267 4348 Neup.:
1289 4280 1435 4344 uoluptatem

282 4367 316 4419 22
336 4371 448 4452 coiug1b7
470 4369 540 4438 (sup.
560 4385 576 4417 0
593 4365 716 4435 sortasse
735 4365 834 4421 1111110
850 4365 917 4435 suit)
1027 4367 1060 4420 26
1080 4368 1158 4417 uultus
1266 4367 1300 4420 27
1319 4369 1405 4417 cedere

283 4454 318 4508 30
336 4456 454 4520 adfligere
474 4457 496 4521 (1
511 4456 662 4526 superscr.)
759 4455 791 4508 31
811 4463 930 4521 ipungere
1029 4456 1063 4509 34
1082 4457 1130 4505 sibi
1149 4457 1197 4521 ipsi
1217 4453 1276 4509 cod.
1296 4457 1343 4521 ipsi
1361 4449 1504 4517 1111111100
