3212 5326
287 333 328 396 98
654 326 733 368 DlAL.
749 327 774 366 V.
805 327 846 367 DE
860 325 911 366 IRA
927 325 983 369 ΗΒ.
998 326 1038 368 111.
1071 329 1150 369 lata.

287 476 474 538 ebrietatem
506 475 537 538 in
567 495 656 556 rege,
691 495 786 557 quem
819 474 960 538 omnium
993 473 1074 537 oculi
1112 493 1265 555 auresque
1302 483 1512 555 sequerentur.

287 584 328 645 ad
352 582 432 644 haec
454 581 521 658 ille,
551 591 586 644 ut
608 583 704 657 sciaS,
736 583 850 663 inquit,
873 581 1146 662 quemadmodum
1170 601 1343 662 numquam
1368 582 1512 642 excidam
1595 609 1596 622 ¹

288 689 373 771 mihi,
398 689 586 770 adprobabo
611 691 673 752 iam
698 698 730 751 et
750 689 860 751 oculos
875 699 950 770 post
965 689 1071 750 uinum
1095 689 1126 750 in
1141 687 1246 750 officio
1263 708 1333 750 esse
1348 697 1380 750 et
1397 708 1513 750 manus.
1595 687 1596 694 ’

288 797 368 859 bibit
396 798 512 859 deinde
542 796 697 860 liberalius
735 817 831 878 quam
863 795 938 859 alias
977 795 1193 879 capacioribus
1231 795 1359 878 scyphis
1390 804 1423 856 et
1456 797 1541 855 iamt

220 885 236 904 “
263 906 394 985 5grauis
418 925 456 966 ac
479 904 657 967 uinolentus
681 904 892 985 obiurgatoris
923 903 969 966 sui
991 903 1088 966 filium
1112 903 1288 985 procedere
1311 902 1392 966 ultra
1421 903 1515 964 limen

290 1011 377 1074 iubet
408 1011 619 1093 adleuataque
649 1031 744 1092 super
766 1021 861 1092 caput
883 1012 1006 1108 sinistra
1030 1030 1126 1073 manu
1149 1020 1242 1074 stare.
1287 1019 1363 1071 tunc
1385 1009 1514 1072 intendit
1596 1087 1597 1110 χ

289 1138 397 1181 arcum
422 1127 454 1179 et
476 1118 578 1198 ipsum
603 1137 658 1179 cor
681 1117 906 1194 adulescentis,
931 1118 962 1178 id
987 1118 1070 1179 enim
1094 1126 1204 1198 petere
1226 1137 1261 1178 se
1284 1117 1426 1191 dixerat,
1451 1115 1515 1196 figit
1596 1131 1597 1138 ¹

289 1225 485 1306 rescissoque
515 1235 646 1307 pectore
676 1224 810 1288 haerens
841 1225 871 1286 in
902 1226 971 1306 ipso
1003 1226 1101 1286 corde
1133 1223 1285 1308 spiculum
1317 1224 1460 1286 ostendit
1483 1243 1516 1286 ac

195 1354 200 1362 ’
290 1332 457 1413 respiciens
480 1341 604 1413 patrem
628 1333 841 1413 interrogauit,
864 1333 980 1394 satisne
1004 1341 1123 1394 certam
1147 1331 1280 1394 haberet
1301 1351 1441 1393 manum.
1487 1341 1515 1392 at
1597 1356 1598 1398 l

254 1464 276 1504 ιο
291 1438 341 1500 ille
370 1439 498 1518 negauit
529 1437 712 1521 Apollinem
744 1440 886 1520 potuisse
917 1439 1031 1500 certius
1069 1440 1203 1501 mittere.
1249 1439 1280 1500 di
1311 1437 1397 1500 illum
1437 1438 1543 1500 malet

290 1545 426 1626 perdant
449 1546 555 1606 animo
579 1547 680 1628 magis
711 1565 807 1627 quam
831 1546 1017 1608 condicione
1050 1546 1257 1627 mancipium!
1291 1546 1356 1607 eius
1387 1545 1432 1606 rei
1454 1545 1514 1607 lau-

292 1653 387 1714 dator
424 1650 495 1726 suit,
543 1655 627 1714 cuius
665 1655 755 1714 nimis
795 1663 862 1715 erat
901 1662 1116 1734 spectatorem
1156 1651 1256 1714 fuisse.
1318 1654 1515 1714 occasionem

236 1739 240 1750 ¹
292 1760 514 1822 blanditiarum
547 1763 668 1842 putauit
699 1770 810 1842 pectus
838 1759 890 1823 filii
920 1763 950 1822 in
983 1762 1061 1822 duas
1084 1769 1191 1842 partes
1214 1761 1377 1822 diductum
1409 1768 1443 1820 et
1467 1779 1516 1820 cor

293 1867 352 1928 sub
377 1865 505 1928 uolnere
528 1867 693 1948 palpitans
739 1871 988 1931 controuersiam
1020 1866 1060 1930 illi
1091 1866 1195 1929 facere
1218 1868 1259 1928 de
1287 1866 1389 1947 gloria
1412 1867 1517 1928 debuit

256 1997 279 2036 u
295 1985 326 2037 et
350 1994 498 2036 reuocare
520 1977 645 2049 iactum,
668 1984 702 2037 ut
726 1978 792 2055 regi
814 1975 925 2038 liberet
948 1978 978 2037 in
1001 1978 1071 2057 ipso
1091 1983 1182 2056 patre
1198 1976 1366 2036 certiorem
1391 1993 1515 2036 manum

294 2082 474 2144 ostendere.
520 2101 540 2144 o
572 2102 681 2164 regem
721 2087 904 2144 cruentum!
945 2103 966 2144 o
1006 2082 1136 2163 dignum
1175 2083 1206 2143 in
1244 2101 1339 2162 quem
1379 2084 1545 2143 omniuml

294 2209 423 2252 suorum
448 2209 536 2252 arcus
560 2193 775 2251 uerterentur!
817 2210 889 2252 cum
921 2169 1060 2252 execrati
1089 2188 1239 2250 fuerimus
1269 2187 1354 2250 illum
1378 2190 1533 2254 conuiuia,
1599 2233 1600 2244 ,

295 2296 451 2379 suppliciis
482 2294 703 2378 funeribusque
733 2297 927 2371 soluentem,
966 2307 1074 2359 tamen
1105 2294 1285 2358 sceleratius
1316 2294 1416 2357 telum
1447 2294 1516 2356 illud

295 2403 457 2466 laudatum
482 2412 530 2464 est
553 2424 649 2484 quam
673 2406 812 2466 missum.
858 2404 1034 2466 uidebimus
1050 2403 1217 2484 quomodo
1240 2423 1274 2464 se
1297 2411 1389 2484 pater
1412 2421 1517 2482 gerere

256 2530 282 2569 ro
298 2511 442 2572 debuerit
472 2518 559 2572 stans
589 2530 683 2591 super
712 2511 849 2573 cadauer
880 2508 932 2572 filii
963 2512 1009 2572 sui
1040 2510 1234 2590 caedemque
1257 2508 1359 2584 illam,
1382 2510 1467 2571 cuius
1489 2517 1517 2568 et

297 2619 385 2679 testis
408 2614 509 2702 suerat
532 2625 563 2677 et
587 2636 696 2678 causa:
724 2618 755 2679 id
779 2619 907 2699 dequo
931 2637 1013 2678 nunc
1036 2619 1154 2696 agitur,
1183 2624 1323 2699 apparet,
1347 2617 1425 2678 iram
1449 2636 1517 2696 sup·

297 2725 388 2806 primi
404 2743 505 2804 posse.
546 2743 608 2785 non
625 2723 790 2786 maledixit
807 2727 881 2804 regi,
898 2724 1015 2786 nullum
1034 2725 1135 2785 emisit
1151 2743 1190 2784 ne
1206 2708 1381 2785 calamitosi
1395 2721 1517 2803 quidem
1535 2732 1547 2778 {r

297 2830 439 2904 uerbum,
463 2849 535 2890 cum
552 2850 652 2910 aeque
676 2841 837 2893 corsuum
857 2851 953 2911 quam
977 2830 1029 2892 filii
1044 2828 1231 2892 transfixum
1248 2831 1377 2893 uideret.
1415 2835 1518 2910 potest

299 2938 358 2998 dici
381 2939 494 2999 merito
519 2936 690 2998 deuorasse
713 2937 819 2999 uerba
863 2957 937 2999 nam
961 2940 986 2998 si
1002 2937 1075 3018 quid
1092 2946 1256 3018 tamquam
1272 2938 1368 2998 iratus
1384 2936 1518 3006 dixisset,

258 3063 283 3102 '25
298 3042 372 3106 nihil
410 3053 573 3124 tamquam
612 3053 702 3124 pater
741 3043 843 3106 facere
881 3045 1043 3126 potuisset.
1089 3053 1213 3126 potest,
1253 3045 1387 3124 inquam,
1427 3041 1549 3103 uiderit

298 3151 468 3229 sapientius
492 3171 526 3211 se
554 3152 584 3211 in
615 3149 667 3212 illo
691 3171 765 3212 casu
797 3153 947 3230 gessisse,
980 3171 1076 3232 quam
1100 3171 1171 3212 cum
1197 3151 1237 3212 de
1268 3149 1401 3231 potandi
1423 3148 1519 3210 modo

299 3258 493 3337 praeciperet
522 3257 564 3332 ei,
589 3277 684 3339 quem
708 3259 804 3320 satius
827 3267 896 3320 erat
926 3261 1032 3320 uinum
1063 3273 1158 3339 quam
1190 3259 1376 3337 sanguinem
1406 3253 1520 3325 bibere,

300 3365 385 3423 cuius
401 3383 512 3425 manus
533 3363 654 3445 poculis
671 3368 817 3446 occupari
832 3386 897 3446 pax
916 3375 1002 3427 erat:
1029 3367 1161 3427 accessit
1181 3366 1285 3444 itaque
1302 3364 1344 3425 ad
1360 3379 1520 3424 numemm

301 3489 420 3542 eorum,
445 3473 497 3551 qui
521 3473 644 3551 magnis
668 3470 809 3534 cladibus
832 3472 1050 3547 ostenderunt,
1076 3473 1184 3553 quanti
1206 3479 1390 3532 constarent
1413 3486 1519 3546 regum

261 3594 287 3634 :u
302 3577 410 3638 amicis
433 3576 519 3638 bona
542 3577 679 3640 consilia.

393 3683 464 3744 XV⁴
511 3685 584 3745 Non
613 3686 723 3747 dubito
754 3686 829 3766 quin
861 3686 1030 3766 Harpagus
1060 3703 1188 3764 quoque
1218 3682 1281 3745 tale
1313 3681 1428 3764 aliquid
1456 3680 1549 3760 regit

303 3811 361 3852 suo
393 3791 622 3874 Persarumque
658 3793 801 3867 suaserit,
841 3812 906 3873 quo
945 3790 1086 3854 offensus
1118 3790 1233 3853 liberos
1273 3789 1314 3850 illi
1354 3787 1522 3872 epulandos

277 3925 280 3932 ¹
305 3928 515 3936 mom—.-

304 4007 456 4072 3appbabo
476 4006 503 4071 (p
518 4005 599 4073 prior
617 4004 701 4072 corr.)
774 4004 884 4056 47iam
903 4001 929 4056 lt.
949 4020 971 4058 e.
991 4005 1065 4052 etiam
1085 4001 1111 4054 in
1131 4017 1189 4056 ras.
1263 4001 1357 4054 buino
1376 4002 1447 4051 lentis

305 4096 480 4161 bableuataq5
577 4094 742 4160 &rescissum
764 4092 872 4165 (posto
891 4090 1001 4146 uidetur
1019 4110 1031 4142 s
1047 4090 1146 4160 fuisse)
1233 4089 1359 4142 9sattsne
1377 4095 1464 4139 certam
1485 4087 1523 4152 (nc

304 4185 363 4238 cin
383 4187 450 4249 ras.)
543 4183 575 4236 10
595 4184 629 4231 dii
725 4183 752 4236 ll
774 4184 907 4234 condicio&
926 4182 950 4246 (c
969 4180 1016 4234 all.
1036 4185 1062 4234 et
1081 4187 1096 4234 Ε
1114 4181 1198 4246 corr.)
1296 4179 1324 4232 14
1343 4179 1437 4230 uulnere

306 4274 339 4326 24
359 4275 490 4323 deuorasse
509 4274 557 4338 (sse
576 4271 601 4323 tir
622 4273 690 4336 rus.)
787 4275 866 4322 namsi
886 4273 907 4337 (s
926 4273 1009 4338 corr.)
1106 4271 1165 4336 quid
1186 4270 1212 4334 (d
1232 4271 1316 4335 corr.)
1416 4265 1445 4318 26
1466 4281 1522 4314 casu

306 4363 342 4426 (su
355 4365 438 4426 corr.)
523 4360 557 4413 27
571 4363 593 4410 ei
607 4358 713 4415 addidit
725 4359 819 4416 Haase
903 4361 937 4414 28
956 4363 1072 4426 occupari
1093 4361 1139 4427 (ari
1158 4360 1185 4412 r'n
1204 4362 1271 4424 ras.)
1345 4357 1376 4412 31
1396 4358 1523 4418 Harpagus

307 4450 378 4515 dect,
399 4450 476 4504 edd:
498 4453 613 4516 harpalus
