3254 5314
285 367 348 430 218
434 361 513 404 nint..
528 359 569 404 lX.
597 359 640 402 Au
655 359 797 402 SERENVM
812 359 852 402 ult
865 359 1131 412 TRANQvttttrn'ru
1145 359 1244 403 ANIMI.
1274 361 1305 403 tu.
1322 362 1355 405 l'l.

283 511 344 570 iam
361 507 476 588 aliquid
492 506 618 569 fortuna
633 515 751 587 posset.
774 506 1021 570 subducentibus
1036 526 1113 570 uero
1129 525 1163 568 se
1180 515 1213 568 et
1228 506 1259 568 in
1274 506 1342 587 ipsa
1351 513 1457 568 morte
1467 506 1507 568 ad

283 617 380 677 uitam
404 613 654 695 respectantibus
670 632 781 674 manus
796 613 969 676 iniciendae
984 623 1065 677 sunt.
1103 612 1262 676 neminem
1278 611 1363 674 flebo
1380 610 1507 685 laetum,
1525 627 1539 678 t

283 722 442 783 neminem
463 719 611 782 flentem:
642 718 691 781 ille
711 718 855 782 lacrimas
871 739 959 782 meas
974 720 1040 801 ipse
1056 703 1211 802 apstersit,
1231 717 1281 780 hic
1295 719 1358 782 suis
1373 717 1509 782 lacrimis

285 827 395 902 effecit,
412 844 451 888 ne
467 823 536 888 ullis
551 826 665 906 dignus
680 827 729 888 sit
752 845 815 906 ego
824 824 994 888 Herculem
1010 823 1113 899 fleam,
1128 826 1217 906 quod
1231 827 1319 886 uiuus
1333 824 1439 898 uritur,
1456 833 1510 886 aut

257 931 459 1014 sRegulum,
482 933 569 1014 quod
592 941 643 995 tot
666 931 762 994 clauis
785 931 966 1012 configitur,
990 942 1046 994 aut
1069 929 1242 1005 Catonem,
1262 932 1355 1013 ¹quod
1378 929 1511 995 uolnera

282 1040 374 1102 iterat
397 1043 473 1101 sua?
513 1039 698 1102 omnes·isti
720 1037 780 1100 leui
802 1039 956 1120 temporis
978 1039 1109 1120 inpensa
1124 1038 1318 1112 inuenerunt,
1341 1039 1510 1118 quomodo

283 1149 401 1208 aeterni
424 1144 544 1221 fierent,
568 1155 600 1208 et
623 1146 665 1207 ad
688 1144 945 1208 inmortalitatem
969 1145 1136 1207 moriendo
1159 1151 1320 1206 uenerunt.

371 1253 473 1316 XVII.
505 1252 565 1316 Est
588 1261 620 1314 et
643 1250 693 1314 illa
716 1249 956 1325 sollicitudinum
980 1271 1046 1314 non
1069 1250 1237 1313 mediocris
1259 1251 1402 1325 materia,
1426 1253 1453 1312 si
1478 1261 1512 1314 te
1531 1263 1540 1313 1

282 1360 375 1422 anxie
410 1377 572 1441 conponas
602 1377 661 1420 nec
691 1355 759 1420 ullis
788 1356 969 1439 simpliciter
1000 1358 1166 1432 ostendas,
1204 1355 1304 1442 qualis
1334 1357 1511 1420 multorum

245 1467 347 1528 uuita
366 1475 423 1541 est,
446 1465 527 1540 ficta,
552 1449 755 1528 ostentationi
771 1472 889 1546 parata.
934 1472 1063 1546 torquet
1078 1463 1162 1526 enim
1177 1463 1310 1526 adsidua
1325 1462 1529 1528 obseruatio·

282 1575 329 1635 sui
352 1582 384 1635 et
407 1572 560 1654 deprendi
583 1571 671 1634 aliter
693 1591 732 1634 ac
753 1570 845 1647 solet,
868 1572 990 1645 metuit,
1012 1591 1071 1633 nec
1091 1589 1242 1652 umquam
1258 1590 1332 1632 cura
1347 1569 1512 1645 soluimur‚

283 1677 336 1740 ubi
359 1679 474 1740 totiens
497 1697 556 1740 nos
576 1679 733 1740 aestimari
753 1686 910 1759 putamus,
933 1678 1078 1759 quotiens
1094 1677 1221 1758 adspici.
1267 1684 1391 1741 namet
1408 1676 1512 1740 multa

282 1786 437 1860 incidunt,
460 1805 543 1866 quae
565 1784 678 1846 inuitos
702 1785 880 1859 denudent,
904 1793 952 1860 et,
975 1793 1010 1846 ut
1032 1783 1115 1845 bene
1138 1783 1232 1846 cedat
1255 1791 1344 1846 tanta
1367 1783 1414 1844 sui
1438 1782 1509 1844 dili-

282 1892 397 1972 genna,
420 1910 485 1952 non
508 1900 616 1953 tamen
638 1891 774 1953 iucunda
796 1891 859 1952 uita
882 1899 935 1954 aut
957 1910 1067 1952 secura
1082 1899 1132 1952 est
1145 1909 1273 1972 semper
1288 1889 1349 1952 sub
1369 1909 1512 1970 persona

245 2013 268 2053 u
282 1999 462 2060 uiuentium.
512 2007 545 2060 at
575 1996 628 2059 illa
657 2006 810 2078 quantum
842 1995 940 2060 habet
970 1995 1141 2078 uoluptatis
1171 1995 1291 2058 sincera
1321 2003 1354 2058 et
1384 2015 1442 2076 per
1476 2007 1544 2058 se2

280 2114 393 2170 ornata
421 2103 619 2186 simplicitas,
650 2103 725 2166 nihil
748 2104 927 2166 obtendens
950 2103 1092 2166 moribus
1115 2102 1197 2164 suis?
1235 2101 1321 2164 subit
1342 2109 1453 2164 tamen
1480 2111 1513 2164 et

280 2211 359 2273 haec
389 2209 453 2274 uita
476 2219 680 2292 contemptus
702 2209 891 2292 periculum,
921 2210 947 2271 si
970 2208 1247 2271 omnia.0mnibus
1269 2216 1388 2288 patent.
1434 2218 1513 2272 sunt

280 2318 362 2380 enim
392 2309 449 2398 qui
476 2317 652 2391 fastidiant,
683 2315 835 2399 quidquid
865 2318 995 2399 propius
1025 2316 1179 2378 adierunt.
1224 2316 1281 2376 sed
1312 2335 1371 2400 nec
1402 2315 1513 2378 uirtuti

280 2421 451 2505 periculum
475 2433 539 2498 est,
570 2443 610 2484 ne
633 2424 766 2485 admota
788 2421 886 2485 oculis
899 2421 1088 2496 reuilescat,
1112 2429 1145 2482 et
1166 2423 1264 2484 satius
1287 2429 1337 2484 est
1358 2419 1510 2501 simplici-

240 2538 348 2592 rotate
371 2530 532 2592 contemni
555 2549 650 2610 quam
670 2538 825 2610 perpetua
839 2527 1038 2591 simulatione
1054 2529 1202 2609 torqueri.
1232 2527 1381 2588 modum
1397 2535 1512 2590 tamen

281 2637 325 2697 rei
349 2633 575 2698 adhibeamus:
610 2617 743 2697 multum
766 2636 904 2710 interest,
928 2633 1108 2716 simpliciter
1127 2633 1215 2696 uiuas
1235 2653 1276 2696 an
1291 2631 1511 2714 neglegenter.

282 2742 415 2804 multum
447 2751 480 2805 et
509 2744 541 2804 in
570 2761 605 2804 se
635 2742 851 2803 recedendum
879 2749 945 2802 est:
982 2740 1181 2803 conuersatio
1204 2740 1288 2802 enirn
1311 2737 1544 2802 dissimilium3

279 2849 363 2910 bene
386 2849 552 2930 conposita
575 2848 729 2910 disturbat
753 2857 786 2910 et
805 2857 938 2910 renouat
953 2846 1096 2910 adlectus
1112 2856 1145 2909 et
1159 2847 1312 2927 quidquid
1326 2843 1511 2908 inbecillum

230 2987 235 2995 ·
281 2957 311 3017 in
334 2957 440 3017 animo
464 2975 523 3016 nec
545 2963 744 3037 percuratum
768 2963 834 3029 est,
856 2953 1026 3016 exulcerat.
1076 2953 1237 3016 miscenda
1259 2960 1368 3014 tamen
1390 2953 1455 3016 ista
1479 2963 1512 3016 et

241 3075 267 3116 ²⁵
281 3060 466 3123 alternanda
488 3071 569 3137 sunt,
593 3061 731 3124 solitudo
755 3071 788 3124 et
811 3061 1005 3142 frequentia:
1038 3059 1090 3123 illa
1112 3058 1204 3122 nobis
1227 3058 1321 3123 saciet
1339 3057 1511 3122 hominum

282 3168 488 3242 desiderium,
511 3165 591 3229 haec
613 3173 733 3242 nostrl,
757 3168 871 3230 eterit
894 3167 993 3229 altera
1016 3167 1142 3230 alterius
1165 3165 1350 3229 remedium.
1396 3166 1511 3228 odium

281 3273 393 3336 turbae
415 3274 539 3336 sanabit
562 3273 713 3349 solitudo,
746 3275 886 3336 taedium
909 3273 1085 3336 solitudinis
1107 3272 1209 3336 turba.
1255 3291 1314 3336 nec
1335 3271 1545 3336 inxeademl

281 3380 454 3441 intentione
477 3378 658 3461 aequaliter*
671 3381 835 3444 retinenda
858 3400 948 3442 mens
971 3389 1028 3456 est,
1052 3379 1109 3442 sed
1132 3381 1173 3443 ad
1197 3379 1286 3441 iocos
1308 3379 1519 3442 deuocanda‘

281 3592 435 3656 3apstersit
453 3593 480 3656 (p
498 3605 570 3647 corr.
590 3591 618 3643 in
636 3590 665 3658 b)
766 3590 909 3656 lnep'ullis
1010 3593 1084 3640 uritur
1103 3590 1142 3657 (tn
1160 3604 1247 3658 marp.
1267 3604 1300 3641 m.
1321 3590 1336 3640 2
1356 3594 1399 3640 aut
1418 3591 1511 3655 regulu

281 3697 317 3762 qd
336 3701 371 3746 tot
391 3697 467 3746 clauis
485 3682 562 3761 aegri.
582 3695 692 3750 addidit
709 3711 764 3750 non
782 3695 877 3752 eadem
896 3712 1001 3760 manus,
1026 3701 1055 3748 ut
1079 3694 1196 3762 uidetur,
1222 3695 1388 3759 transfigitur3
1416 3695 1512 3764 itaque

281 3820 355 3874 tenni
372 3821 511 3885 configitur)
619 3794 755 3886 buillnera
864 3821 975 3874 diterat
993 3837 1036 3870 sua
1057 3817 1138 3873 Gertz
1153 3827 1218 3889 post
1238 3815 1378 3878 Plautium,
1399 3818 1450 3887 qui
1465 3837 1511 3869 sua

281 3910 351 3958 iterat
370 3907 493 3978 empsit:
514 3925 557 3958 sua
576 3905 635 3962 cod.
655 3908 694 3975 (in
712 3925 800 3980 marq.
818 3924 853 3965 m.
872 3923 927 3963 rec.
946 3909 1041 3958 sortirer
1059 3907 1123 3973 tulit)
1220 3907 1283 3958 niuis
1394 3908 1511 3972 impensa

364 3995 380 4048 7
394 4002 509 4048 uenerunt
521 3996 561 4064 (in
573 4011 660 4066 marp.
673 4013 707 4050 m.
721 4011 775 4052 rec.
790 3999 832 4050 atii
844 3995 963 4062 uenirent)
1053 3995 1070 4050 9
1083 3998 1154 4048 anxie
1167 3995 1205 4060 (r'n
1218 4011 1306 4065 maru.
1317 4011 1354 4049 m.
1368 4008 1425 4051 rec.
1439 3997 1459 4046 si
1474 4003 1510 4048 nu

281 4101 362 4170 anxie)
458 4117 596 4168 componas
690 4085 754 4166 uillis
863 4104 896 4158 10
921 4103 1019 4153 assidua
1038 4101 1134 4172 (prior
1151 4119 1163 4152 s
1181 4101 1265 4169 corr.)
1377 4101 1411 4154 12
1430 4103 1511 4167 aspici
1620 4091 1621 4098 ¹

383 4189 417 4244 16
436 4197 522 4241 ornata
542 4189 599 4243 Εἰς
621 4194 733 4242 inornata
833 4193 969 4242 obtendens
987 4189 1045 4243 Εέ
1066 4192 1185 4255 obpdiens
1284 4189 1318 4243 18
1335 4192 1408 4256 chd

281 4279 392 4328 adierunt
411 4277 468 4331 Εἰ
489 4281 615 4329 audierunt
705 4277 737 4332 21
764 4281 921 4345 neglegenter
1015 4280 1050 4334 22
1078 4279 1241 4330 recedendum
1260 4277 1427 4332 deterrimos:
1447 4281 1510 4329 reci·

282 4368 366 4420 dendfi
457 4369 598 4420 dissimillir't
699 4368 732 4422 23
753 4370 867 4434 adposita
973 4370 1043 4438 chd
1150 4368 1183 4424 25
1202 4372 1257 4420 suot
1275 4364 1439 4422 dames:
1459 4369 1510 4418 sint

339 4458 342 4466 '
371 4453 404 4511 26
424 4457 499 4508 altera
516 4471 587 4511 unus
606 4455 785 4513 deteriorum:
806 4457 876 4510 alteri
