3212 5326
423 357 502 402 Dran.
518 358 545 402 V.
573 357 613 400 DE
629 357 680 398 IRA
695 357 749 401 ΗΒ.
767 359 807 402 111.
847 361 966 404 auam
1243 365 1299 426 111

99 523 165 566 nunc
191 513 300 566 autem
323 503 459 585 primum
483 503 624 586 inpetum
647 505 814 588 sequimur.
853 506 968 570 deinde
991 507 1135 588 quamuis
1151 525 1231 568 uana
1246 525 1305 570 nos

98 610 314 685 concitauerint,
337 631 593 692 perseueramus,
624 631 664 674 ne
687 612 850 676 uideamur
873 613 1015 694 coepisse
1037 613 1103 676 sine
1126 631 1227 676 causa.
1273 620 1305 674 et

97 719 168 800 quod
189 718 417 800 iniquissimum
441 726 504 792 est,
528 717 750 800 pertinaciores
773 738 832 782 nos
855 717 928 782 facit
951 718 1093 802 iniquitas
1116 721 1187 784 irae.
1234 719 1303 782 reti-

97 845 190 886 nemus
214 825 299 886 enim
323 823 407 886 illam
424 833 455 886 et
471 843 632 905 augemus,
656 827 744 907 quasi
759 835 982 908 argumentum
998 827 1036 890 sit
1052 827 1132 888 iuste
1147 825 1305 888 irascentis

97 931 216 1012 grauiter
240 931 335 994 irasci.
1320 950 1332 988 s

75 1044 82 1094 l
169 1037 274 1102 XXX.
313 1035 443 1119 Quanto
474 1037 583 1102 melius
614 1047 662 1102 est
692 1037 776 1102 initia
806 1040 874 1121 ipsa
904 1039 1080 1122 perspicere
1107 1059 1203 1120 quam
1227 1036 1307 1101 leuia

96 1147 155 1218 sint,
176 1165 272 1226 quam
297 1144 445 1207 innoxia?
484 1145 572 1227 quod
596 1146 738 1210 accidere
761 1147 858 1212 uides,
872 1147 1057 1210 animalibus
1080 1146 1190 1220 mutiS,
1221 1145 1305 1208 idem

96 1253 119 1312 ir
138 1251 262 1314 homine
286 1252 483 1332 deprendes:
510 1249 626 1314 friuolis
650 1251 813 1314 turbamur
836 1263 868 1318 et
891 1253 1040 1316 inanibus.
1079 1261 1203 1316 taurum
1219 1250 1307 1314 color

95 1359 271 1421 rubicundus
302 1359 437 1434 excitat,
474 1359 515 1422 ad
545 1359 690 1422 umbram
721 1361 804 1441 aspis
834 1360 977 1442 exurgit,
1016 1379 1105 1422 ursos
1136 1357 1306 1441 leonesque

96 1485 196 1547 mappa
227 1465 368 1547 proritat.
417 1465 523 1527 omnia
553 1483 636 1546 quae
666 1475 779 1530 natura
809 1465 874 1530 fera
904 1487 941 1530 ac
971 1465 1081 1529 rabida
1111 1473 1200 1540 sunt,
1230 1485 1304 1528 con·
1323 1479 1346 1520 ιο

71 1573 259 1634 tsternantur
297 1573 339 1634 ad
363 1591 466 1634 -uana
519 1571 603 1636 idem
643 1572 787 1654 inquietis
822 1581 855 1634 et
885 1571 1007 1637 stolidis
1037 1573 1166 1654 ingeniis
1194 1573 1306 1634 euenit.

95 1698 183 1742 rerum
223 1679 400 1762 suspicione
438 1677 601 1754 feriuntur,
632 1680 716 1743 adeo
747 1679 893 1761 quidem,
932 1687 966 1742 ut
996 1678 1153 1742 interdum
1184 1678 1307 1740 iniurias

96 1794 196 1848 nocent
220 1786 347 1849 modica
366 1785 525 1862 beneficia,
550 1787 579 1849 in
595 1786 708 1868 quibus
724 1785 983 1868 frequentissima,
1007 1793 1091 1848 certe
1108 1785 1308 1846 acerbissima

95 1892 258 1959 iracundiae
289 1869 420 1956 materia
451 1901 507 1955 est.
554 1893 729 1956 carissumis
758 1893 840 1957 enim
870 1893 1046 1968 irascimur,
1077 1889 1163 1973 quod
1188 1891 1308 1953 minora

95 1998 173 2060 nobis
195 1999 408 2080 praestiterint
431 2020 526 2082 quam
551 2009 658 2062 mente
681 1999 883 2081 concepimus
906 2019 1065 2082 quamque
1087 1997 1137 2060 alii
1151 1995 1304 2059 tulerunt:
1325 2013 1348 2054 n

70 2107 80 2155 :l
96 2125 155 2168 cum
184 2106 347 2188 utriusque
377 2107 421 2168 rei
451 2116 595 2187 paratum
627 2107 801 2170 remedium
833 2107 880 2170 sit.
927 2107 1028 2186 magis
1050 2103 1139 2168 alteri
1161 2101 1305 2166 indulsit:

95 2223 189 2276 nostra
212 2234 272 2276 nos
294 2214 362 2276 sine
384 2214 611 2296 conparatione
634 2211 800 2278 delectent.
839 2232 1010 2294 numquam
1034 2213 1092 2276 erit
1114 2210 1189 2274 felix
1212 2229 1307 2292 quem

95 2319 243 2401 torquebit
274 2319 399 2382 felicior.
446 2321 548 2384 minus
579 2319 683 2382 habeo
707 2339 802 2402 quam
827 2321 967 2401 speraui:
1003 2319 1060 2382 sed
1083 2318 1216 2382 fortasse
1239 2321 1309 2398 plus

94 2428 204 2507 speraui
227 2446 323 2509 quam
348 2427 454 2490 debui.
493 2426 572 2490 haec
595 2447 666 2510 pars
691 2427 831 2490 maxime
854 2427 1026 2489 metuenda
1048 2434 1104 2488 est.
1143 2424 1215 2488 hinc
1237 2445 1307 2506 per-

95 2533 306 2596 niciosissimae
345 2535 407 2596 irae
445 2541 611 2596 nascuntur
650 2542 681 2596 et
724 2533 920 2596 sanctissima
957 2552 1101 2615 quaeque
1137 2533 1309 2594 inuasurae.
1323 2543 1349 2584 ²⁰

68 2637 189 2702 ldiuum
214 2638 326 2702 Iulium
351 2640 454 2723 plures
478 2638 680 2704 confecerunt
704 2640 796 2704 amici
819 2659 915 2721 quam
939 2640 1063 2714 inimici,
1086 2659 1222 2721 quorum
1246 2657 1310 2700 non

96 2745 268 2829 expleuerat
292 2769 365 2829 spes
388 2747 602 2832 inexplebiles.
639 2747 736 2811 uoluit
759 2747 888 2828 quidem
912 2746 971 2822 ille,
995 2747 1204 2828 nequeenim
1228 2746 1309 2826 quis·
1384 2795 1390 2806 .

95 2873 179 2934 quam
209 2854 365 2917 liberalius
389 2855 518 2917 uictoria
541 2875 615 2917 usus
638 2861 702 2928 est,
734 2874 776 2916 ex
799 2873 863 2935 qua
885 2852 960 2915 nihil
982 2852 1040 2916 sibi
1064 2852 1232 2914 uindicauit
1254 2852 1311 2913 nisi

95 2961 286 3042 dispensandi
309 2969 502 3044 potestatem
551 2962 608 3024 sed
632 2961 905 3043 quemadmodum
929 2957 1071 3022 sufficere
1087 2967 1153 3022 tam
1170 2957 1310 3040 inprobis

96 3067 244 3130 desideriis
268 3076 386 3149 posset,
410 3087 480 3130 cum
505 3076 627 3130 tantum
645 3086 756 3130 omnes
773 3067 1038 3148 concupiscerent,
1061 3075 1214 3147 quantum
1232 3085 1310 3126 unus
1325 3075 1350 3116 '2⁵

70 3168 81 3220 5
96 3178 231 3253 poterat?
253 3167 341 3236 'uidit
365 3176 469 3256 itaque
489 3175 604 3236 strictis
624 3175 705 3236 circa
720 3173 829 3236 sellam
846 3192 934 3236 suam
951 3173 1064 3254 gladiis
1079 3172 1312 3248 commilitones

95 3299 170 3356 suos,
192 3279 364 3356 Cimbrum,
382 3279 515 3356 Tillium,
539 3281 726 3344 acerrimum
749 3280 844 3362 paulo
860 3289 935 3342 ante
950 3280 1086 3361 partium
1102 3276 1311 3352 defensorem,

95 3385 226 3470 aliosque
256 3397 330 3469 post
358 3387 544 3470 Pompeium
577 3388 707 3450 demum
739 3385 960 3468 Pompeianos.
1006 3385 1085 3448 haec
1116 3405 1165 3447 res
1196 3405 1252 3447 sua
1282 3386 1311 3446 in

96 3513 178 3574 reges
201 3515 289 3558 arma
312 3495 467 3557 conuertit
490 3494 721 3576 fidissimosque
745 3513 784 3555 eo
802 3492 948 3574 conpulit,
973 3501 1006 3555 ut
1023 3493 1064 3554 de
1081 3501 1185 3556 morte
1201 3511 1310 3555 eorum

96 3601 270 3680 cogitarent,
293 3621 353 3682 pro
376 3601 488 3682 quibus
512 3609 544 3664 et
567 3610 641 3664 ante
663 3619 744 3681 quos
768 3600 848 3662 mori
871 3608 981 3662 uotum
1006 3599 1205 3662 habuerunt·
1310 3603 1351 3650 '³⁰

72 3701 80 3752 ¹
177 3707 293 3770 XXXI.
323 3706 406 3770 Nulli
422 3709 464 3769 ad
480 3707 580 3770 aliena
595 3707 769 3789 respicienti
790 3725 847 3768 sua
861 3705 994 3788 placent.
1033 3705 1106 3768 inde
1122 3706 1171 3768 dis
1186 3725 1312 3787 quoque

96 3814 260 3890 irascimur,
292 3816 380 3896 quod
399 3813 519 3895 aliquis
549 3835 607 3876 nos
637 3811 819 3888 antecedat,
851 3811 941 3875 obliti
971 3821 1124 3895 quantum
1148 3813 1311 3876 hominurn

98 3929 174 3982 retro
195 3923 248 3997 sit,
273 3930 305 3983 et
329 3920 435 4004 paucis
459 3921 649 3984 inuidentem
674 3929 998 4015 quantumsequatur
1021 3939 1041 3982 a
1063 3929 1155 4000 tergo
1179 3918 1313 3999 ingentis

100 4115 218 4180 terpisse
313 4117 328 4168 3
355 4116 508 4182 iniquissimll
536 4115 569 4181 (ui
587 4113 615 4168 t'n
634 4114 704 4179 ras.)
807 4112 834 4165 14
860 4113 999 4164 carissumis
1026 4112 1096 4178 (uin
1116 4113 1217 4174 imul.)

103 4202 131 4252 li»
155 4205 250 4256 tulerunt
268 4202 397 4272 Maduiq:
419 4205 514 4254 tulerint
616 4203 650 4255 20
675 4204 847 4253 sanctissimae
968 4201 1000 4254 21
1028 4202 1108 4268 plures
1132 4201 1206 4250 amici
1230 4201 1313 4250 confe-

100 4297 176 4356 cerunt
198 4295 268 4344 amici
295 4294 388 4363 (prius
412 4295 487 4343 amici
513 4289 613 4346 lineola
638 4297 800 4346 transuerso
825 4288 952 4359 deletum)
1049 4288 1082 4343 24
1108 4290 1141 4338 im
1161 4290 1220 4353 nbis

100 4378 132 4430 25
151 4389 256 4445 quantit*
368 4381 401 4435 27
427 4383 527 4432 Tillium
547 4377 686 4436 Muretus:
707 4381 799 4436 uillium
897 4379 928 4434 31
956 4379 1061 4434 indediis
1150 4376 1184 4430 33
1211 4380 1313 4450 atergo

103 4465 127 4530 (a
146 4467 168 4519 iu
186 4485 246 4540 rur,
266 4481 274 4521 t
293 4471 369 4526 irrilio
390 4486 485 4526 uersus·
504 4469 610 4542 addila)
756 4467 759 4476 “
