3212 5318
691 971 719 1038 n
751 971 892 1038 luurn
916 973 1081 1040 enuncia

496 1119 934 1218 DIALOGORVM
969 1122 1165 1218 LIBER
1200 1124 1283 1220 Xl.

689 1330 737 1378 nl)
757 1330 917 1378 HELVIAM
936 1331 1085 1380 MATREM

736 1467 776 1522 llll
796 1467 1043 1524 cousuluerunt.

364 1740 385 1802 Ι.
418 1707 524 1820 Saepe
555 1739 631 1812 iam,
668 1747 769 1802 mater
799 1741 936 1820 optima,
972 1741 1113 1822 inpetum
1146 1745 1214 1822 cepi
1244 1743 1433 1806 consolandi
1462 1753 1527 1818 te,1

276 1867 372 1930 saepe
387 1846 530 1908 continui.
571 1854 604 1907 ut
628 1846 786 1919 auderem,
811 1845 910 1908 multa
934 1867 985 1908 me
1009 1848 1217 1928 inpellebant:
1252 1851 1390 1930 primum
1417 1852 1498 1912 uide-

276 1954 333 2016 bar
363 1953 562 2036 depositurus
594 1955 700 2014 omnia
731 1953 950 2027 incommoda,
982 1973 1054 2014 curn
1086 1953 1230 2018 lacrimas
1261 1965 1347 2030 tuas,
1381 1959 1500 2018 etiamsi

275 2061 471 2142 supprimere
499 2081 564 2122 non
596 2060 787 2140 potuissem,
826 2059 949 2121 interim
981 2071 1067 2124 certe
1105 2061 1331 2124 abstersissem.
1388 2065 1500 2126 deinde

250 2169 345 2252 aplus
372 2168 552 2230 habiturum
577 2187 629 2228 me
652 2167 846 2229 auctoritatis
868 2187 933 2228 non
957 2167 1144 2230 dubitabam
1169 2170 1210 2230 ad
1235 2170 1440 2232 excitandam
1462 2182 1500 2244 te,

278 2277 301 2336 si
325 2276 408 2358 prior
432 2275 498 2354 ipse
522 2273 798 2336 consurrexissem.
845 2283 1009 2354 praeterea
1031 2275 1200 2349 timebam,
1232 2297 1314 2338 nea
1339 2297 1392 2338 me
1422 2279 1500 2339 uicta

276 2381 401 2444 fortuna
424 2380 559 2460 aliquem
585 2400 728 2442 meorum
753 2381 898 2442 uinceret.
937 2381 1043 2461 itaque
1066 2391 1236 2462 utcumque
1252 2383 1393 2444 conabar
1409 2405 1499 2446 manu

276 2509 369 2570 super
392 2487 520 2569 plagam
545 2507 649 2548 meam
674 2487 808 2568 inposita
831 2488 873 2548 ad
896 2485 1068 2567 obliganda
1092 2488 1221 2550 uolnera
1243 2498 1350 2555 uestra
1370 2500 1498 2570 reptare.

276 2595 338 2657 hoc
368 2594 566 2676 propositum
596 2613 701 2654 meum
727 2603 815 2656 erant
838 2614 941 2656 rursus
964 2614 1046 2674 quae
1069 2597 1280 2657 retardarent:
1313 2595 1419 2658 dolori
1439 2605 1525 2670 tuost)

238 2723 263 2762 ru
278 2703 353 2762 dum
378 2721 486 2762 recens
510 2701 651 2774 saeuiret,
675 2701 813 2762 sciebam
839 2702 1065 2762 decurrendum
1091 2722 1155 2763 non
1172 2722 1250 2776 esse,
1274 2723 1314 2764 ne
1334 2702 1421 2764 illum
1437 2705 1497 2782 ipsa

277 2809 392 2870 solacia
415 2811 574 2870 inritarent
598 2817 629 2870 et
652 2809 868 2870 accenderent.
912 2829 985 2870 narn
1009 2809 1039 2870 in
1064 2808 1183 2870 morbis
1206 2829 1335 2890 quoque
1359 2807 1432 2870 nihil
1454 2818 1496 2870 est

277 2917 477 2997 perniciosius
505 2936 600 2996 quam
631 2918 786 2977 inmatura
817 2915 979 2978 medicina.
1033 2916 1246 2998 expectabam
1271 2917 1394 2996 itaque,
1424 2918 1495 2978 dum

277 3026 343 3105 ipse
367 3026 447 3084 uires
471 3043 542 3084 suas
565 3021 723 3102 frangeret
747 3031 779 3084 et
803 3022 843 3083 ad
866 3023 1050 3085 sustinenda
1072 3025 1212 3086 remedia
1237 3044 1327 3085 mora
1343 3026 1502 3105 mitigatus*

278 3131 364 3210 tangi
388 3150 423 3190 se
446 3149 483 3190 ac
505 3131 630 3190 tractari
654 3136 822 3210 pateretur.
861 3132 1025 3209 praeterea
1048 3149 1120 3190 cum
1137 3130 1245 3190 omnia
1260 3128 1496 3191 clarissimorum

240 3257 263 3294 n
277 3237 472 3316 ingeniorum
505 3241 711 3311 m'onumenta
750 3237 791 3296 ad
823 3237 1061 3315 conpescendos
1092 3237 1373 3316 moderandosque
1403 3235 1496 3297 luctus

277 3344 442 3424 conposita
466 3341 654 3415 euoluerem,
678 3362 741 3404 non
765 3342 962 3404 inueniebam
987 3342 1172 3424 exemplum
1194 3344 1267 3417 eiuS,
1290 3343 1342 3422 qui
1360 3340 1494 3404 consola-

277 3459 327 3512 tus
358 3470 432 3510 suos
463 3457 561 3523 esset,
594 3470 664 3510 curn
697 3450 764 3528 ipse
795 3448 835 3510 ab
866 3447 923 3509 illis
946 3449 1191 3528 conploraretur.
1243 3451 1286 3510 ita
1310 3451 1340 3509 in
1365 3470 1398 3511 re
1419 3467 1495 3508 noua
1510 3463 1522 3510 :t

277 3557 473 3618 haesitabam
497 3557 707 3636 uerebarque‚
736 3576 776 3617 ne
806 3555 885 3616 haec
915 3575 979 3617 non
1003 3555 1178 3616 consolatio
1203 3566 1301 3629 esset,
1334 3557 1391 3617 sed
1414 3553 1492 3616 exul-

278 3663 401 3726 ceratio.
442 3663 515 3744 quid
539 3665 628 3745 quod
648 3663 738 3724 nouis
761 3662 865 3724 uerbis
887 3682 947 3724 nec
970 3682 1012 3723 ex
1036 3660 1157 3743 uolgari
1181 3672 1213 3725 et
1237 3663 1397 3726 cotidiana
1418 3680 1493 3724 sum-

280 3913 289 3962 l
319 3913 415 3976 impetit
511 3909 528 3962 4
553 3925 692 3974 supremere
788 3907 804 3960 8
829 3909 861 3957 ad
881 3907 918 3975 (in
937 3908 1004 3975 raa.)
1099 3908 1115 3961 u
1140 3915 1209 3958 erant
1227 3907 1414 3978 Bonparsitts:
1433 3923 1490 3956 era*

394 3999 475 4048 dolori
495 4005 535 4046 tuo
555 3999 591 4048 dt‘t
609 4013 693 4047 recens
711 3999 797 4060 seuiret
817 3998 898 4046 dolori
919 4037 931 4056 „
953 4003 995 4046 tuo
1014 3995 1083 4060 cod„
1102 3996 1129 4048 in
1150 3995 1331 4050 deterioribus
1346 3995 1408 4063 scre
1422 3994 1493 4064 ptius

278 4089 358 4138 dolori
378 4095 418 4138 tuo
438 4103 488 4142 om.
581 4086 609 4138 ll
639 4088 799 4136 accenderent
817 4085 915 4154 uttho:
937 4087 1126 4136 accenderentur
1225 4085 1257 4138 12
1282 4088 1414 4136 immatura

279 4213 311 4266 13
325 4214 434 4262 remedia
447 4189 493 4262 ¹<ira
513 4210 632 4278 (uidetur
650 4217 712 4263 ante
730 4226 814 4279 saper
832 4229 847 4259 a
866 4212 941 4264 uocis
959 4213 1068 4261 remedia
1082 4208 1181 4264 lineola
1191 4200 1295 4277 subsel'
1383 4209 1413 4262 ’15
1432 4224 1491 4257 com·

278 4303 413 4366 pescendos
517 4301 549 4352 16
573 4301 688 4364 coposita
789 4301 929 4350 consolatus
949 4298 1047 4366 (ultera
1065 4318 1080 4350 o
1100 4315 1138 4353 ecc
1156 4318 1171 4349 u
1187 4299 1277 4368 facta)
1379 4298 1409 4350 lt
1432 4312 1491 4346 com·

277 4401 367 4508 ploni}
