3212 5318
259 353 338 395 DIAL.
354 351 394 396 xl.
422 353 465 394 ΑΙ)
481 351 616 394 naeviam
633 353 763 394 stateem
779 353 818 394 DE
832 352 1075 396 consumimus.
1104 354 1123 394 i.
1138 357 1158 394 ⁵.
1255 356 1318 418 249

7 477 8 532 3
78 505 225 568 tmiseros
256 497 360 562 solent
391 496 501 560 facere.
549 519 611 562 non
644 509 708 574 est,
738 500 825 580 quod
858 500 899 562 de
928 519 978 560 mc
1002 497 1067 560 aliis
1091 500 1219 560 credas:
1254 497 1320 579 ipse

7 611 9 618 ’
104 609 164 684 tibi,
190 627 232 670 ne
256 606 332 688 quid
355 606 478 668 incertis
502 603 701 688 opinionibus
723 605 929 687 perturberis,
961 605 1064 668 indico
1088 625 1140 666 me
1164 625 1227 666 non
1251 624 1320 666 esse

103 717 251 778 miserum.
298 713 448 786 adiciam,
479 732 543 793 quo
575 713 713 776 securior
742 713 799 784 sis,
832 732 871 774 ne
902 710 966 774 fieri
997 712 1127 793 quidum
1151 731 1202 774 me
1226 731 1320 792 posse

8 827 9 888 ζ
103 822 252 884 miserum.

8 929 9 942 ¹
78 943 85 994 t
180 927 223 992 V.
254 927 345 990 Bona
368 926 554 990 condicione
578 927 675 1006 geniti
699 945 822 1001 sumuS,
853 927 878 990 si
903 946 973 989 eam
997 946 1060 988 non
1085 924 1348 990 deseruerimuss

101 1034 126 1096 id
148 1035 211 1116 egit
237 1053 341 1098 rerum
366 1043 491 1108 natura,
516 1040 548 1096 ut
573 1034 614 1096 ad
638 1033 720 1094 bene
745 1033 912 1096 uiuendum
938 1053 1001 1096 non
1025 1053 1144 1114 magno
1167 1034 1322 1114 adparatu

99 1161 171 1224 opus
210 1149 315 1204 essct:
366 1140 576 1221 unusquisque
615 1136 718 1202 iacere
753 1159 788 1202 se
822 1139 952 1202 beatum
984 1148 1099 1222 potest.
1154 1139 1222 1202 leue
1253 1159 1321 1202 mo-

100 1257 235 1310 mentum
269 1248 300 1308 in
325 1247 507 1309 aduenticiis
532 1246 625 1308 rebus
649 1255 697 1308 est
721 1253 753 1308 et
776 1247 863 1328 quod
887 1248 917 1309 in
941 1255 1084 1309 neutram
1108 1255 1231 1327 partem
1255 1268 1321 1310 ma-

9 1375 10 1392 *
99 1374 169 1434 gnas
192 1354 278 1416 uires
301 1351 438 1416 habeat:
473 1372 530 1416 nec
553 1353 693 1416 secunda
716 1335 898 1436 'sapientem
931 1353 1069 1416 euehunt
1100 1373 1158 1415 nec
1189 1355 1323 1421 aduersa

8 1497 9 1504 ,
98 1462 273 1552 demittunt.
321 1457 477 1522 laborauit
509 1459 591 1520 enirn
623 1479 764 1542 semper,
798 1470 831 1523 ut
860 1461 891 1523 in
922 1481 957 1522 se
987 1460 1155 1542 plurimum
1180 1471 1321 1543 poneret,
1341 1479 1363 1520 ru

71 1575 128 1630 tut
149 1589 167 1630 a
190 1589 227 1630 se
252 1587 350 1630 omne
373 1566 522 1647 gaudium
553 1575 685 1648 peteret.
731 1567 805 1650 quid
837 1571 936 1648 ergo?
967 1569 1141 1650 sapientem
1174 1587 1243 1630 esse
1271 1587 1323 1630 me

97 1675 182 1737 dico?
217 1673 356 1736 minime.
401 1693 476 1746 nam
506 1675 538 1738 id
569 1675 698 1756 quidem
727 1675 751 1736 si
774 1674 914 1756 profiteri
937 1695 1082 1758 possem,
1113 1696 1176 1738 non
1199 1684 1322 1738 tantum

98 1801 245 1862 negarem
271 1781 420 1844 miserum
443 1801 513 1844 esse
537 1801 597 1856 me,
620 1782 677 1844 sed
702 1782 842 1844 omnium
866 1780 1147 1845 fortunatissimum
1171 1791 1203 1844 et
1226 1783 1255 1845 in
1280 1783 1322 1844 ui·

97 1888 193 1952 einum
220 1888 286 1952 deo
309 1889 497 1970 perductum
521 1889 755 1970 praedicarem:
790 1907 881 1964 nunc,
905 1890 992 1970 quod
1009 1890 1083 1952 satis
1100 1898 1147 1951 est
1164 1889 1204 1950 ad
1221 1889 1324 1952 omnis

98 1997 234 2060 miserias
258 1994 427 2070 leniendas,
451 1995 642 2076 sapientibus
667 2014 718 2057 me
742 1995 813 2058 uiris
830 1995 903 2058 dedi
920 2004 952 2058 et
968 1996 1110 2058 nondum
1128 1999 1158 2058 in
1174 1993 1323 2058 auxilium
1342 2012 1364 2050 ¹⁵

97 2104 153 2165 mei
176 2101 301 2166 ualidus
325 2101 355 2164 in
379 2101 479 2164 aliena
503 2111 605 2164 castra
628 2100 770 2183 confugi,
802 2122 912 2166 eorum
936 2101 1069 2178 scilicet,
1093 2104 1145 2184 qui
1174 2101 1263 2168 facile
1290 2123 1325 2164 se

68 2219 129 2272 tac
150 2230 229 2274 suos
253 2216 389 2271 tuentur.
428 2207 469 2271 illi
493 2229 545 2270 me
568 2209 722 2272 iusserunt
744 2218 829 2272 stare
852 2210 983 2272 adsidue
1006 2209 1092 2273 uelut
1114 2209 1144 2271 in
1168 2209 1324 2296 praesidio

96 2317 233 2396 positum
267 2324 300 2378 et
331 2316 434 2378 omnis
464 2325 596 2378 conatus
627 2314 771 2379 fortunae
802 2325 833 2378 et
866 2316 967 2380 omnis
998 2317 1121 2398 inpetus
1144 2315 1325 2398 prospicere

96 2423 194 2486 multo
219 2431 296 2486 ante
320 2442 414 2502 quam
439 2422 602 2484 incurrant.
641 2422 699 2485 illis
723 2424 827 2504 grauis
850 2429 908 2498 est,
931 2422 1045 2504 quibus
1070 2424 1232 2505 repentina
1255 2430 1320 2486 est:

96 2529 181 2592 sacile
205 2550 280 2592 eam
304 2529 443 2604 sustinet,
466 2529 519 2611 qui
542 2549 669 2611 semper
693 2537 851 2612 expectat.
890 2550 965 2594 nam
989 2540 1021 2594 et
1044 2530 1182 2594 hostium
1206 2531 1323 2594 aduen·
1340 2543 1366 2584 2⁰

95 2645 141 2700 tus
173 2657 233 2700 eos
265 2637 451 2718 prosternit,
482 2619 563 2718 qiros
594 2637 782 2718 inopinantis
813 2638 997 2718 occupauit:
1033 2647 1066 2700 at
1088 2639 1141 2720 qui
1163 2636 1268 2700 futuro
1292 2656 1326 2698 se

95 2743 177 2806 bello
210 2751 286 2806 ante
318 2741 436 2806 bellum
467 2753 672 2823 parauerunt,
712 2745 869 2826 conpositi
899 2752 930 2806 et
962 2745 1060 2826 aptati
1090 2744 1243 2827 primum,
1274 2745 1326 2824 qui

65 2849 396 2914 ttumultuosissimus
426 2857 489 2924 est,
522 2849 618 2914 ictum
643 2848 731 2914 facile
755 2851 922 2932 excipiunt.
969 2871 1142 2932 numquam
1175 2869 1237 2931 ego
1262 2848 1323 2912 sor·

94 2965 188 3020 tunae
213 2957 342 3032 credidi,
366 2957 461 3020 etiam
486 2977 557 3018 cum
582 2958 739 3020 uideretur
762 2977 875 3039 pacem
900 2977 1002 3038 agere.
1041 2957 1148 3021 omnia
1163 2955 1221 3031 iila,
1245 2977 1326 3037 quae

93 3066 121 3126 in
145 3085 201 3128 me
224 3062 494 3145 indulgentissime
518 3062 717 3140 conserebat,
740 3065 921 3145 pecuniam,
945 3063 1098 3140 honores,
1122 3064 1262 3146 gratiam,
1286 3084 1325 3126 eo
1340 3077 1366 3120 tu

92 3171 164 3236 loco
198 3171 307 3254 posui,
346 3172 429 3234 unde
461 3180 570 3254 posset
600 3173 666 3234 sine
694 3181 783 3234 motu
815 3193 889 3236 meo
924 3181 1075 3253 repetere.
1129 3153 1343 3234 interuallum

93 3279 174 3342 inter
206 3277 260 3341 illa
283 3285 316 3340 et
339 3297 391 3340 me
416 3297 567 3358 magnum
591 3277 695 3342 habui.
741 3280 846 3360 itaque
869 3278 997 3344 abstulit
1020 3277 1086 3356 illa,
1117 3299 1181 3342 non
1205 3277 1324 3343 auolsit.

91 3386 255 3450 neminem
287 3385 421 3447 aduersa
452 3382 577 3448 fortuna
600 3386 799 3461 comminuit,
831 3387 888 3450 nisi
911 3407 1006 3469 quem
1030 3386 1169 3450 secunda
1192 3385 1326 3468 decepit.

61 3499 74 3548 u
91 3492 130 3555 illi
155 3493 210 3573 qui
235 3511 367 3554 munera
390 3491 455 3554 eius
479 3490 564 3554 uelut
586 3513 643 3556 sua
666 3501 698 3556 et
721 3502 874 3574 perpetua
897 3501 1098 3567 amauerunt,
1126 3493 1179 3572 qui
1202 3513 1236 3554 se
1259 3513 1324 3556 sus-

90 3601 153 3683 pici
179 3606 312 3680 propter
335 3597 385 3660 iiia
402 3597 576 3675 uoluerunt,
600 3600 702 3662 iacent
718 3609 750 3662 et
767 3610 917 3675 maerent,
941 3620 1013 3662 cum
1030 3618 1128 3663 uanos
1145 3607 1177 3661 et
1193 3599 1326 3680 pueriies
1341 3612 1366 3652 ³⁰

91 3707 228 3780 animos,
252 3705 356 3768 omnis
379 3704 497 3786 solidae
521 3705 691 3787 uoluptatis
715 3707 854 3787 ignaros,
877 3704 954 3768 salsa
978 3714 1010 3768 et
1034 3705 1163 3767 mobilia
1186 3705 1324 3768 oblecta-

92 3821 206 3874 menta
236 3812 429 3873 destituunt:
465 3819 496 3873 at
527 3810 592 3886 ille,
623 3813 675 3893 qui
706 3832 740 3874 se
765 3812 853 3875 laetis
884 3813 977 3874 rebus
1008 3832 1071 3874 non
1103 3811 1237 3886 inflauit,
1268 3832 1327 3874 nec

92 3921 225 3982 mutatis
257 3915 424 4010 contrahit.
478 3918 628 3980 aduersus
658 3927 826 4000 utrumque
857 3927 975 3981 statum
1007 3919 1155 3980 inuictum
1187 3919 1326 3980 animum

90 4033 187 4088 tenet
209 4022 396 4106 exploratae
419 4025 481 4086 ianr
505 4021 668 4086 firmitatis.
707 4045 781 4088 nam
805 4026 836 4088 in
858 4027 926 4108 ipsa
949 4023 1095 4087 felicitate
1118 4023 1193 4106 quid
1218 4033 1327 4086 contra

58 4130 309 4194 fiinselicitatem
334 4127 460 4206 ualeret,
485 4139 635 4213 expertus
659 4139 715 4192 est.
757 4132 861 4214 itaque
885 4152 947 4214 ego
971 4133 1001 4194 in
1024 4129 1088 4206 illis,
1109 4151 1190 4212 quae
1214 4149 1325 4192 omnes
1341 4147 1366 4186 us

90 4325 252 4390 6apparatu
345 4321 424 4372 tinec
443 4323 476 4370 de
497 4325 603 4388 spcunda
696 4325 724 4378 11
753 4331 844 4375 utase
859 4322 956 4378 Gertz:
978 4327 1027 4374 uita
1045 4341 1071 4374 se
1163 4323 1195 4379 18
1221 4325 1325 4392 impetus

170 4465 203 4517 31
222 4419 329 4533 uolupiis
