3184 5318
316 361 395 409 bran.
407 362 454 407 vn.
483 363 525 405 an
540 359 717 406 oauarouau
733 363 773 406 oa
787 361 858 406 vnn
873 361 978 408 auara.
1006 363 1039 407 ar.
1053 363 1087 406 aa.
1252 367 1313 428 175

101 530 242 592 proauom
274 509 406 586 uicerat,
438 529 534 592 quam
563 509 722 574 aCrasso
752 511 942 587 uinceretur,
973 519 1021 584 et,
1053 509 1078 572 si
1108 509 1243 573 maiores
1272 509 1315 574 illi

74 620 291 692 robuenissent
322 637 413 701 opes,
443 637 509 680 non
535 618 713 700 spreuisset
758 637 818 680 nec
840 619 923 681 enim
946 637 982 680 se
1004 618 1128 700 sapiens
1151 617 1313 699 indignum

100 727 158 789 ullis
186 723 366 788 muneribus
396 723 529 788 fortuitis
560 733 659 808 putat.
713 744 776 787 non
808 734 894 788 amat
924 725 1063 807 diuitias,
1098 727 1155 788 sed
1186 722 1314 788 mauolt.

99 833 203 895 nonin
227 833 366 896 animum
390 830 464 908 illas,
488 831 599 894 sedin
623 833 755 894 domurn
780 819 896 914 recipit.
936 851 995 895 nec
1011 831 1128 916 respuit
1143 851 1314 913 possessas,

99 941 148 1002 sed
174 938 313 1002 continet
341 948 373 1002 et
397 941 549 1002 maiorem
574 939 677 1002 uirtuti
700 959 776 1002 suae
799 939 963 1002 materiam
987 939 1213 1002 subministrari
1239 937 1314 1002 uolt.
1343 965 1355 1002 s

10 1057 12 1114 ἴ
77 1064 85 1114 1
177 1045 277 1109 XXII.
309 1044 394 1128 Quid
417 1053 524 1108 autem
549 1045 635 1108 dubii
658 1053 715 1122 est,
738 1045 811 1128 quin
827 1044 907 1109 haec
923 1046 1023 1109 maior
1038 1047 1169 1109 materia
1184 1046 1315 1127 sapienti

10 1209 11 1240 ἒ
101 1153 157 1216 uiro
185 1153 225 1215 sit
255 1155 396 1216 animum
427 1151 607 1234 explicandi
636 1172 727 1216 suum
758 1153 789 1216 in
813 1152 925 1217 diuitiis
948 1171 1044 1234 quam
1067 1153 1098 1216 in
1121 1161 1315 1236 paupertate,

10 1245 11 1322 f
101 1279 162 1322 cum
183 1259 415 1324 inhacunum
440 1279 539 1342 genus
563 1261 683 1324 uirtutis
707 1262 832 1323 sitnon
856 1260 992 1324 inclinari
1015 1282 1073 1324 nec
1105 1262 1253 1342 deprimi,
1285 1262 1315 1323 in

10 1359 12 1396 f
102 1367 201 1430 diuitiis
231 1376 264 1430 et
295 1367 503 1450 temperantia
534 1375 566 1429 et
596 1365 764 1430 liberalitas
796 1375 828 1430 et
858 1366 1015 1448 diligentia
1038 1377 1071 1431 et
1093 1367 1258 1450 dispositio
1283 1375 1315 1430 et

75 1487 87 1538 2
103 1473 319 1554 magnificentia
342 1493 489 1555 campum
510 1472 629 1536 habeat
644 1481 815 1555 patentem.
853 1495 918 1536 non
933 1483 1117 1538 contemnet
1132 1495 1167 1538 se
1181 1475 1315 1557 sapiens,
1332 1495 1355 1536 ro

10 1611 11 1638 l
103 1581 209 1642 etiamsi
240 1579 331 1642 suerit
362 1581 508 1644 minimae
538 1588 693 1656 staturae,
725 1601 795 1643 esse
825 1590 933 1643 tamen
963 1601 998 1644 se
1030 1601 1195 1664 procerum
1220 1581 1315 1644 uolet.

103 1697 128 1749 et
148 1686 232 1750 exilis
255 1707 390 1770 corpore
415 1687 603 1768 [acamisso
626 1687 730 1768 oculo]
755 1687 888 1764 ualebit,
916 1687 1012 1752 malet
1034 1698 1142 1752 tamen
1165 1688 1223 1751 sibi
1246 1709 1316 1752 esse

10 1807 11 1872 j
104 1795 228 1877 corporis
251 1794 357 1868 robur,
381 1802 412 1855 et
428 1792 491 1857 hoc
505 1794 557 1870 ita,
580 1803 615 1857 ut
630 1795 708 1856 sciat
723 1814 793 1857 esse
809 1793 893 1857 aliud
909 1794 939 1856 in
955 1815 990 1857 se
1005 1793 1164 1858 ualentius.
1200 1795 1315 1858 malam

10 1922 18 1970 r
75 1915 88 1964 :l
104 1899 300 1964 ualetudinem
324 1899 480 1977 tolerabit,
504 1900 624 1965 bonam
648 1901 781 1984 optabit.
827 1902 985 1984 quaedam
1009 1903 1108 1977 enim,
1140 1902 1262 1965 etiamsi
1285 1901 1315 1962 in
1412 1955 1415 1972 ,

10 1995 12 2072 l
104 2025 245 2070 summam
277 2009 322 2071 rei
352 2027 450 2090 parua
480 2007 569 2084 sunt,
603 2008 675 2090 [ait]
708 2017 740 2070 et
770 2007 902 2071 subduci
933 2009 999 2070 sine
1030 2009 1117 2070 ruina
1138 2007 1316 2090 principalis
1333 2028 1356 2068 u

104 2113 166 2176 boni
194 2123 341 2198 possunt,
372 2115 510 2178 adiciunt
541 2123 648 2177 tamen
680 2113 796 2197 aliquid
825 2115 866 2178 ad
890 2123 1075 2198 perpetuam
1099 2113 1249 2178 laetitiam
1273 2135 1316 2177 ex

105 2219 203 2284 uirtute
233 2229 435 2285 nascentem:
469 2223 514 2284 sic
544 2220 628 2284 illum
661 2219 810 2286 adficiunt
843 2221 967 2284 diuitiae
997 2231 1029 2296 et
1060 2221 1250 2297 exhilarant,
1282 2230 1317 2283 ut

104 2327 290 2409 nauigantem
326 2329 481 2392 secundus
519 2337 552 2392 et
589 2327 692 2391 serens
730 2337 859 2403 uentus,
897 2337 931 2391 ut
970 2329 1037 2392 dies
1076 2329 1179 2391 bonus
1215 2337 1247 2391 et
1285 2329 1315 2391 in

76 2431 202 2498 ibruma
231 2455 269 2498 ac
292 2434 409 2517 frigore
438 2438 561 2518 apricus
591 2433 686 2498 locus.
732 2436 800 2516 quis
832 2455 928 2517 porro
955 2437 1160 2518 sapientium,
1191 2445 1314 2498 nostro-

104 2559 162 2602 rum
191 2543 278 2619 dico,
308 2542 421 2625 quibus
452 2563 549 2606 unum
581 2551 629 2606 est
659 2543 780 2605 bonum
812 2543 922 2620 uirtus,
961 2551 1057 2625 negat
1096 2544 1190 2606 etiam
1229 2542 1317 2618 haec,
1331 2563 1357 2602 m

104 2669 173 2729 quae
208 2649 416 2713 indifferentia
446 2670 614 2726 uocamus,
652 2648 770 2712 habere
801 2650 831 2712 in
863 2671 898 2714 se
930 2649 1044 2732 aliquid
1075 2650 1166 2733 pretii
1198 2659 1229 2712 et
1259 2649 1319 2712 alia
1452 2633 1455 2644 ’

104 2755 158 2818 aliis
185 2777 254 2818 esse
293 2757 439 2839 potiora?
477 2757 667 2838 quibusdam
699 2777 740 2820 ex
772 2758 807 2820 iis
845 2757 988 2820 tribuitur
1025 2756 1141 2838 aliquid
1179 2755 1318 2830 honoris,

104 2861 277 2941 quibusdam
311 2862 453 2930 multum.
499 2885 539 2927 ne
569 2885 654 2928 erres
685 2865 807 2946 itaque,
838 2866 918 2928 inter
940 2865 1065 2947 potiora
1088 2865 1213 2927 diuitiae
1236 2873 1317 2928 sunt.

78 2981 90 3028 n
104 2969 168 3048 quid
203 2989 298 3052 ergo,
335 2972 451 3053 inquis,
490 2991 543 3034 me
583 2971 723 3048 derideS,
762 2991 833 3033 cum
865 2972 1002 3068 eundem
1033 2973 1118 3054 apud
1149 2981 1182 3034 te
1212 2970 1317 3034 locum

105 3129 300 3140 ———-.-—--

346 3277 350 3284 .
481 3253 502 3291 c.
515 3235 614 3289 ulceret*

109 3305 116 3355 l
138 3265 252 3372 proaullm
343 3325 357 3358 a
377 3325 459 3359 crasso
477 3310 630 3359 uincerenrur
650 3309 800 3378 (suprascr.
821 3323 854 3359 m.
874 3308 901 3374 4)
992 3307 1007 3360 l
1031 3325 1155 3374 possessas
1173 3323 1228 3361 raon
1247 3293 1319 3362 recte

84 3429 88 3440 .
107 3391 176 3450 Gertz
193 3401 340 3468 suspectat,
361 3395 442 3452 modo
455 3397 636 3468 participium
655 3402 796 3468 repetatur
815 3395 849 3450 ab
869 3396 1001 3454 infinitum
1013 3395 1150 3464 possidbre,
1163 3395 1201 3465 cs.
1215 3396 1249 3451 dc
1261 3395 1318 3452 lm.

107 3485 126 3546 l,
138 3487 168 3538 ld
185 3487 295 3537 fastidire
313 3503 433 3553 possessa,
453 3503 516 3552 quae
534 3487 650 3552 consequi
668 3503 741 3553 posse
759 3502 815 3552 spes
832 3503 883 3537 non
901 3487 946 3537 suit
1014 3486 1166 3552 'bmateric
1179 3485 1219 3554 (in
1230 3501 1318 3558 νηοῖς.

107 3587 133 3626 m.
146 3579 163 3627 ‘l
181 3591 203 3632 a.
223 3576 273 3644 em)
293 3577 478 3626 sumministrari
496 3577 546 3626 uuit
566 3575 590 3642 (u
604 3591 642 3630 ecc
654 3592 670 3626 o
683 3575 767 3644 corr.)
853 3573 869 3628 7
888 3577 913 3626 in
926 3581 1070 3642 paupertate
1083 3574 1151 3632 det:
1173 3577 1319 3643 inpauptatd

196 3663 212 3716 8
237 3681 294 3716 cum
313 3661 410 3736 nulqo:
435 3668 485 3730 qua
554 3699 558 3706 -
598 3665 646 3716 hac
665 3671 716 3718 unu
734 3664 857 3739 genusne
876 3679 979 3718 rasura
1104 3667 1198 3716 uirtutis
1217 3662 1315 3736 uulpo:

106 3751 171 3802 uirtuti
280 3753 312 3806 12
341 3758 364 3804 et
389 3755 458 3805 exilis
482 3769 587 3819 corpore
612 3751 654 3824 [ac
680 3755 771 3804 amisso
797 3751 878 3822 oculo]
905 3751 1000 3808 Haase
1024 3759 1048 3804 et
1072 3755 1129 3804 exili
1159 3771 1264 3820 corpore
1288 3770 1318 3804 ac

107 3843 252 3893 macriusculo
272 3843 459 3910 (tenuiusculol)
480 3839 608 3912 Maduiq:
636 3848 659 3892 et
684 3843 752 3894 exilis
777 3859 881 3908 corpore
901 3859 931 3893 ac
950 3844 1041 3894 amisso
1061 3845 1134 3894 oculo
1153 3841 1213 3897 cod.
1233 3843 1271 3896 r'la
1290 3847 1319 3894 ul

110 3935 161 3983 unte
184 3932 256 3982 oculo
281 3947 383 3986 rasura
406 3931 442 3984 sit
466 3932 547 3984 lrium
572 3929 618 3985 uel
641 3938 770 4001 quattuor
795 3930 960 3998 litterarum,
991 3948 1063 4002 quae
1084 3931 1193 4003 quidem
1217 3946 1319 3985 rasura

109 4017 256 4073 mandandi
272 4020 411 4080 rationem,
420 4035 539 4091 prorsus
557 4021 688 4074 incertam
704 4019 788 4088 facit:
809 4028 868 4075 erar
887 4035 947 4075 oum
967 4021 1116 4076 eminerem
1135 4029 1159 4073 et
1177 4022 1246 4072 exilis
1263 4037 1318 4071 cor-

108 4121 157 4168 pore
173 4125 200 4159 ac
218 4126 320 4160 mancus
338 4111 430 4160 amisso
449 4111 512 4175 pede
531 4111 569 4160 uel
588 4109 619 4176 (l)
638 4109 711 4161 oculo
838 4109 871 4163 13
892 4112 957 4175 aliud
977 4111 1004 4177 (d
1023 4127 1095 4168 corr.
1115 4125 1153 4164 ex
1172 4112 1193 4176 t)

112 4173 135 4246 ll
158 4195 210 4266 [ait]
228 4198 326 4270 uulpo:
354 4199 388 4249 ait
485 4198 518 4250 16
541 4199 634 4264 aliquid
653 4197 681 4264 (d
700 4198 784 4265 corr.)
881 4200 984 4250 letitiam
1074 4216 1103 4250 ex
1123 4197 1219 4254 Gaerlz:
1247 4204 1271 4249 et
1289 4215 1318 4248 ex

186 4288 216 4340 17
238 4291 348 4339 aificiun't
370 4287 486 4358 (priori
497 4289 580 4354 corr.)
671 4285 702 4340 21
728 4288 891 4338 indifferentia
910 4286 1072 4342 deteriores:
1093 4288 1231 4339 differentia

114 4365 191 4438 aliquid
210 4378 236 4446 (d
255 4380 337 4444 corr.)
357 4378 434 4444 precii
455 4376 540 4444 7(cii7
560 4376 588 4429 ἐπ
606 4377 674 4443 ras.)
800 4375 834 4430 22
860 4377 953 4442 aliquid
972 4378 999 4443 (d
1017 4377 1100 4444 corr.)
1209 4376 1243 4430 23
1267 4378 1320 4443 qui·

114 4475 201 4532 busdam
214 4482 298 4556 Neup.
313 4504 318 4535 ι
334 4484 422 4550 qbzda
435 4471 476 4535 arr-r
490 4483 528 4551 (ia
540 4497 605 4548 ras,
619 4498 701 4537 manu
714 4481 860 4537 admodum
874 4483 988 4549 recenti)
1010 4527 1015 4544 ,
1065 4481 1097 4535 24
1113 4486 1179 4550 apud
1194 4483 1221 4553 (d
1234 4485 1318 4552 corr.)
