3184 5318
299 359 379 402 orna.
396 360 431 403 vr.
460 361 503 402 nu
518 360 661 442 unacum
677 360 717 402 ns
732 359 973 402 consonamque.
1007 363 1029 403 o.
1047 361 1077 404 ro.
1242 367 1303 428 129

5 563 7 586 ,
93 527 204 570 necesse
228 516 276 569 est
300 507 404 589 itaque
426 507 528 587 magis
544 525 739 580 conruamus,
763 506 815 587 qui
832 506 919 586 quasi
936 526 977 568 ex
994 506 1155 590 inopinato
1170 506 1303 571 terimur.
1395 489 1398 494 ⁵

5 595 7 660 ἶ
68 629 158 695 tquae
186 612 288 676 multo
320 622 393 676 ante
423 612 549 695 prouisa
571 621 658 686 sunt,
690 611 865 693 languidius
888 613 1054 675 incurrunt.
1101 613 1146 674 uis
1170 623 1203 676 tu
1226 615 1304 678 scire

93 730 117 782 te
140 720 176 782 ad
205 720 310 782 omnis
333 719 514 802 expositum
538 719 617 781 ictus
641 727 725 782 stare
749 727 781 780 et
804 717 854 782 illa
877 739 959 800 quae
981 717 1058 782 alios
1081 717 1144 782 tela
1169 718 1304 783 fixerunt

93 827 157 889 circa
177 837 211 889 te
234 827 394 890 uibrasse?
434 825 517 888 uelut
541 845 665 888 murum
690 825 824 907 aliquem
842 836 895 888 aut
911 825 1077 888 obsessum
1095 825 1195 888 multo
1211 825 1303 889 hoste

5 957 7 1024 ‘3
92 931 179 996 locum
204 941 237 996 et
260 935 395 996 arduum
418 933 572 996 adscensu
596 932 759 996 semermis
783 933 887 1006 adeas,
912 913 1047 1012 expecta
1072 929 1182 994 uolnus
1206 939 1238 994 et
1253 930 1329 994 illas

6 1123 7 1130 ἵ
92 1060 209 1121 superne
241 1038 379 1102 uolantia
409 1059 480 1102 cum
512 1038 634 1120 sagittis
665 1037 795 1120 pilisque
823 1059 902 1100 saxa
927 1038 956 1098 in
980 1045 1068 1100 tuum
1093 1047 1169 1119 puta
1192 1037 1304 1100 librata

92 1167 196 1228 corpus.
250 1121 397 1228 quotiens
435 1145 543 1228 aliquis
574 1145 616 1208 ad
655 1144 736 1208 latus
772 1153 825 1208 aut
863 1165 947 1226 pone
986 1153 1109 1224 tergum
1146 1143 1303 1218 ceciderit,

91 1253 237 1316 exclama:
265 1271 329 1314 non
353 1252 489 1334 decipies
512 1273 573 1327 me,
597 1251 730 1326 fortuna,
754 1271 812 1315 nec
834 1271 978 1314 securum
1002 1259 1056 1313 aut
1079 1249 1302 1341 neglegentem

91 1360 245 1440 opprimes.
291 1359 356 1422 scio
387 1359 463 1440 quid
493 1378 603 1440 pares:
643 1357 737 1422 alium
769 1359 897 1440 quidem
928 1357 1122 1440 percussisti,
1161 1356 1219 1419 sed
1250 1375 1302 1418 me

6 1493 7 1552 3
47 1466 186 1548 pipetisti.
240 1467 310 1546 quis
348 1483 498 1546 umquam
537 1484 587 1527 res
617 1485 689 1528 suas
718 1465 806 1545 quasi
836 1464 989 1546 periturus
1020 1462 1188 1545 adspexit?
1234 1462 1302 1544 quis
1318 1479 1342 1520 ιο

6 1567 7 1622 3
91 1593 225 1653 umquam
250 1580 394 1634 nostrum
418 1573 460 1635 de
484 1570 595 1647 exilio,
619 1572 660 1634 de
684 1579 842 1654 egestate,
874 1572 914 1633 de
939 1569 1022 1633 luctu
1046 1571 1186 1650 cogitare
1210 1589 1302 1630 ausus

5 1657 7 1696 ⁴
89 1682 145 1742 est?
180 1678 251 1762 quis
274 1698 355 1752 non,
386 1678 411 1740 si
434 1679 645 1770 admoneatur
667 1685 701 1740 ut
724 1680 862 1760 cogitet,
893 1685 1056 1758 tamquam
1081 1676 1182 1738 dirum
1206 1694 1302 1738 omen

6 1787 7 1868 ζ
90 1792 201 1866 respuat
225 1794 258 1847 et
282 1785 312 1846 in
333 1785 436 1866 capita
467 1784 661 1848 inimicorum
686 1792 739 1846 aut
770 1784 865 1865 ipsius
897 1781 1107 1864 intempestiui
1138 1781 1302 1844 monitoris

5 1901 7 1980 '3
64 1891 162 1953 tabire
191 1891 243 1954 ilia
273 1891 401 1954 iubeat?
440 1911 504 1953 non
536 1890 643 1970 putaui
673 1887 820 1952 futurum.
866 1890 1033 1970 quicquam
1065 1898 1099 1950 tu
1122 1897 1214 1969 putas
1238 1907 1302 1950 non

88 1995 221 2074 futurum,
244 1999 332 2080 quod
355 1996 481 2079 [multis]
506 1997 565 2060 scis
588 2016 683 2078 posse
698 1995 772 2072 fieri,
796 1996 884 2078 quod
908 1993 1012 2058 multis
1030 1996 1117 2057 uides
1141 1994 1300 2056 euenisse?
1317 2009 1341 2050 rs

6 2125 7 2132 ¹
88 2104 238 2184 egregium
263 2123 388 2167 uersum
414 2113 446 2166 et
469 2103 600 2185 dignum
624 2103 676 2184 qui
700 2123 764 2165 non
787 2123 805 2164 e
828 2100 949 2184 pulpito
974 2102 1093 2164 exiret:

5 2273 7 2302 ζ
327 2214 415 2271 cuiuis
431 2220 526 2289 potest
546 2213 672 2270 accudere
694 2213 772 2287 quod
790 2213 921 2286 cuiquam
939 2207 1050 2286 potest!

5 2303 7 2386 ἶ
88 2317 129 2379 ille
150 2317 250 2381 amisit
273 2315 408 2380 liberos:
443 2325 476 2380 et
507 2326 541 2379 tu
572 2315 716 2380 amittere
747 2325 848 2397 potes.
893 2314 944 2376 ille
975 2315 1144 2378 damnatus
1168 2321 1234 2375 est:
1269 2321 1301 2376 et

88 2431 134 2486 tua
161 2425 336 2488 innocentia
366 2423 426 2486 sub
449 2424 511 2486 ictu
535 2433 591 2512 est.
638 2443 725 2486 error
748 2420 863 2505 decipit
886 2420 936 2484 hic
959 2429 992 2483 et
1015 2419 1192 2494 effeminat,
1223 2420 1300 2482 dum

87 2534 209 2613 patimur
239 2551 321 2613 quae
352 2551 524 2613 numquam
555 2529 620 2612 pati
651 2551 709 2592 nos
740 2548 838 2612 posse
865 2528 1067 2610 prouidimus.
1114 2525 1213 2590 aufert
1238 2526 1300 2588 uim
1315 2540 1341 2582 uo
1419 2612 1421 2621 Ι

87 2638 291 2720 praesentibus
316 2635 405 2702 malis
427 2638 480 2720 qui
503 2636 605 2700 iutura
627 2636 799 2719 prospexit.
995 2619 996 2624 ἵ

65 2747 71 2798 l
167 2746 203 2810 X.
243 2743 408 2828 Quidquid
432 2753 479 2808 est
502 2742 580 2818 hoc,
605 2743 733 2818 Marcia,
757 2742 949 2823 quodcirca
973 2761 1031 2802 nos
1055 2760 1097 2802 ex
1121 2741 1300 2803 aduenticio

87 2850 190 2934 fulget,
218 2851 323 2927 liberi,
346 2850 494 2926 honores,
517 2869 604 2932 opes,
628 2847 734 2933 ampla
757 2848 835 2912 atria
859 2856 891 2910 et
914 2845 1116 2910 exclusorum
1140 2844 1299 2909 clientium

87 2958 171 3020 turba
190 2958 304 3022 referta
328 2951 489 3032 uestibula‚
513 2956 631 3019 clarum
656 2975 782 3032 nomen,
806 2953 918 3018 nobilis
942 2963 996 3017 aut
1019 2951 1159 3016 formosa
1182 2955 1299 3016 coniux

88 3073 241 3150 ceteraque
265 3085 307 3128 ex
331 3064 449 3126 incerta
472 3071 503 3126 et
520 3061 629 3126 mobili
645 3071 732 3126 sorte
747 3063 919 3144 pendentia
934 3059 1024 3124 alieni
1041 3059 1299 3161 commodatique
1314 3053 1347 3112 ²⁵

87 3170 243 3252 adparatus
265 3180 348 3235 sunt.
378 3168 453 3234 nihil
476 3169 590 3232 horum
615 3169 702 3232 dono
726 3169 832 3232 datur:
861 3166 1030 3230 conlaticiis
1046 3175 1079 3229 et
1094 3167 1135 3230 ad
1152 3167 1300 3230 dominos

87 3277 217 3340 redituris
240 3277 455 3341 instrumentis
478 3295 594 3338 scaena
615 3276 796 3339 adornatur.
832 3273 892 3368 apia
915 3294 956 3335 ex
973 3273 1020 3335 his
1036 3274 1140 3354 primo
1157 3273 1216 3349 die,
1240 3272 1301 3336 alia

60 3384 214 3446 tsecundo
245 3382 434 3459 referentur,
464 3401 566 3464 pauca
589 3402 688 3464 usque
711 3381 753 3444 ad
776 3379 871 3443 finem
895 3378 1150 3461 perseuerabunt.
1196 3379 1300 3461 itaque

90 3592 99 3644 1
118 3609 251 3646 corruamus
342 3596 383 3660 qui
401 3595 470 3660 quasi
491 3591 655 3649 deteriores:
671 3593 739 3660 quasi
830 3591 846 3643 2
865 3594 963 3658 prouisa
977 3589 1078 3662 Ncupa
1100 3589 1211 3656 perculsa

87 3680 101 3734 6
119 3683 218 3735 uolantia
237 3681 336 3755 uulqo:
357 3684 465 3734 uolentia
560 3683 665 3749 pilisque
683 3697 754 3735 uuus
773 3679 954 3735 deteriorum:
975 3680 1072 3745 pellisq;
1177 3678 1193 3732 7
1213 3679 1299 3744 aliquis

89 3820 177 3876 Gertz:
196 3827 288 3892 aliquid
385 3783 561 3891 usedmpen'sti
581 3827 632 3890 (me
650 3837 791 3894 suprascr.
810 3837 844 3876 m.
861 3827 919 3892 pr.)
1018 3822 1048 3874 11
1069 3826 1178 3872 nostrum
1198 3818 1296 3890 Νααμε

88 3917 181 3963 uestrum
271 3913 303 3967 12
323 3920 348 3963 ut
369 3909 540 3967 Gronovius:
562 3921 585 3963 et
671 3899 703 3965 15
723 3912 804 3962 multis
823 3908 934 3965 seclusit
952 3907 1068 3980 Maduip
1152 3906 1185 3961 16
1204 3908 1298 3973 pulpito

88 3997 186 4070 Haupt:
205 4003 297 4069 populo
393 4002 467 4052 exiret
485 3999 608 4072 Lipsius:
630 4002 664 4051 eri
684 4005 707 4051 et
806 3999 839 4054 19
859 4015 926 4049 error
945 3997 1106 4052 Mutunus:
1127 4005 1204 4048 terror

89 4088 172 4154 decipit
187 4092 226 4142 hic
244 4096 268 4142 et
287 4087 418 4160 Muduiq:
440 4091 540 4164 decipit,
559 4091 599 4140 hic
682 4088 716 4142 20
735 4089 861 4155 puidimus
881 4090 935 4154 (poi
955 4086 982 4140 iu
1002 4088 1067 4153 ras.)
1147 4085 1180 4137 22
1199 4084 1298 4150 Quich

146 4225 157 4244 ⁶
181 4231 210 4284 24
229 4233 321 4283 clarum
341 4247 445 4297 nornen,
471 4233 562 4282 nobilis
581 4228 711 4300 Maduip:
739 4189 802 4289 clean
820 4229 912 4279 nobilis
1014 4226 1047 4282 26
1067 4231 1198 4294 apparatus

88 4369 120 4422 ut
139 4327 249 4441 redituris
326 4373 361 4426 28
380 4374 441 4439 itaq;
461 4390 511 4424 non
530 4379 565 4424 est
584 4374 619 4439 qd
639 4389 688 4423 non
708 4379 742 4424 est
761 4372 828 4438 quod
848 4368 974 4436 (alterum
994 4384 1043 4421 non
1062 4369 1181 4433 estquod
1200 4364 1298 4420 tirrootu

90 4461 238 4514 transuerso
256 4461 381 4527 deletum)

1069 4545 1084 4598 u
