3212 5318
303 365 381 410 utne.
391 359 442 409 xli.
471 365 513 407 AD
528 365 682 408 POLYBIVM
697 365 738 407 nt:
752 364 995 408 CONSOLATIONE.
1024 366 1044 408 2.
1059 366 1080 408 ³.
1237 369 1300 431 273

86 511 229 591 quamdiu
261 509 351 575 fuerit
382 509 460 574 ullus
488 509 598 576 litteris
628 511 745 587 honor,
779 512 929 594 quamdiu
953 511 1073 574 steterit
1095 518 1149 574 aut
1172 509 1303 573 Latinae

85 617 204 698 linguae
235 620 377 699 potentia
408 629 462 681 aut
486 617 627 682 Graecae
659 620 774 700 gratia,
807 619 926 700 uigebit
957 637 1029 680 eum
1053 617 1199 680 maximis
1223 616 1302 692 uiris,

86 744 215 804 quorum
240 745 275 787 se
298 725 429 806 ingeniis
454 725 502 788 uel
528 725 658 790 contulit
682 725 740 800 uel,
764 727 788 788 si
801 723 870 788 'hoc
891 725 1078 788 uerecundia
1093 727 1157 787 eius
1173 733 1303 798 recusat,

56 830 239 910 {adplicuit
289 833 362 912 [22]
388 831 450 895 hoc
474 853 551 914 ergo
574 853 670 895 unum
696 832 892 914 excogitasti,
917 833 1083 912 quomodo
1104 831 1243 893 maxime
1263 829 1303 892 illi

84 957 189 1018 posses
221 957 343 1000 nocere.
391 959 455 1020 quo
489 939 603 1002 melior
635 948 683 1003 est
707 941 790 1002 enim
815 939 962 1020 quisque,
993 936 1055 1000 hoc
1078 937 1201 1020 saepius
1224 936 1304 1000 serre
1332 959 1343 996 a

82 1052 112 1105 te
149 1045 314 1109 consueuit
352 1045 418 1108 sine
458 1044 520 1108 ullo
552 1046 667 1109 dilectu
699 1044 855 1128 furentem
884 1055 915 1108 et
947 1045 1026 1107 inter
1056 1045 1123 1128 ipsa
1154 1043 1304 1107 beneficia

83 1151 294 1214 metuendam.
341 1151 524 1232 quantulum
549 1161 616 1216 erat
640 1153 695 1217 tibi
711 1153 871 1216 inmunem
889 1152 929 1216 ab
947 1151 1006 1215 hac
1022 1151 1128 1214 iniuria
1143 1160 1304 1233 praestare

83 1277 150 1318 eum
165 1311 168 1317 .
183 1257 364 1333 hominem,
396 1259 427 1320 in
458 1278 553 1339 quem
585 1259 750 1322 uidebatur
781 1257 974 1338 indulgentia
997 1267 1051 1320 tua
1074 1259 1195 1320 ratione
1218 1265 1304 1320 certa
1337 1341 1338 1346 ἵ

12 1395 13 1404 ¹
82 1365 260 1444 peruenisse
283 1373 316 1426 et
339 1385 403 1427 non
427 1385 469 1428 ex
493 1375 548 1428 tuo
574 1385 663 1428 more
686 1374 807 1428 temere
830 1365 994 1428 incidisse?

55 1487 62 1537 l
167 1469 220 1531 111.
260 1470 461 1546 Adicimus,
493 1473 517 1534 si
548 1473 609 1548 uis,
641 1475 682 1536 ad
714 1471 770 1534 has
802 1471 954 1553 querellas
978 1471 1072 1553 ipsius
1096 1469 1304 1534 adulescentis
1322 1493 1343 1530 n

12 1657 15 1672 .
83 1576 286 1659 interceptam
318 1578 398 1649 inter
428 1579 528 1660 prima
560 1579 751 1641 incrementa
782 1577 939 1640 indolem:
974 1579 1087 1659 dignus
1120 1576 1175 1640 suit
1198 1576 1247 1638 ille
1271 1585 1304 1640 te

82 1680 180 1745 fratre.
229 1690 262 1746 tu
287 1694 372 1746 certe
395 1704 464 1747 eras
489 1685 696 1766 dignissimus,
720 1687 835 1766 quine
859 1705 900 1747 ex
924 1685 1053 1765 indigno
1074 1685 1202 1765 quidem
1219 1685 1303 1764 quic-

82 1809 173 1870 quam
209 1789 334 1852 doleres
364 1790 476 1854 fratre:
513 1792 653 1854 redditur
684 1792 724 1855 illi
755 1791 970 1858 testimonium
1003 1791 1133 1872 aequale
1164 1791 1303 1853 omnium

53 1894 254 1966 2h0minum.
302 1897 498 1960 desideratur
521 1899 550 1960 in
575 1907 663 1962 tuum
689 1898 852 1972 honorem,
876 1897 1020 1960 laudatur
1041 1899 1071 1960 in
1093 1918 1192 1960 suum.
1231 1896 1304 1959 nihil

82 2001 107 2062 in
131 2001 186 2065 illo
209 2001 274 2078 luit,
299 2005 385 2083 quod
410 2024 472 2066 non
497 2004 628 2068 libenter
644 2007 865 2085 adgnosceres
896 2013 930 2065 tu
947 2005 1074 2084 quidem
1091 2006 1186 2066 etiam
1203 2007 1305 2066 minus
1322 2026 1344 2064 u
1451 2025 1460 2044 ⁸

82 2109 164 2172 bono
200 2109 286 2172 fratri
318 2108 427 2172 fuisses
459 2110 578 2186 bonus,
610 2112 667 2173 sed
698 2113 726 2173 in
758 2110 810 2173 illo
839 2113 940 2192 pietas
963 2121 1017 2173 tua
1040 2111 1187 2172 idoneam
1212 2120 1305 2173 nacta

81 2216 246 2278 materiam
271 2215 373 2278 multo
396 2235 431 2279 se
453 2217 579 2280 liberius
603 2218 750 2280 exercuit.
799 2236 894 2279 nemo
919 2219 1092 2300 potentiam
1106 2215 1182 2278 'eius
1198 2218 1305 2279 iniuria

80 2324 193 2398 sensit,
225 2341 398 2402 numquam
431 2323 481 2386 ille
508 2333 540 2386 te
569 2323 695 2386 fratrem
721 2323 771 2386 ulli
795 2325 930 2386 minatus
954 2333 1009 2386 est.
1056 2325 1097 2386 ad
1122 2323 1304 2406 exemplum

81 2449 112 2491 se
135 2429 318 2492 modestiae
342 2439 414 2493 tuae
437 2430 628 2494 formauerat
652 2431 893 2512 cogitabatque,
924 2440 1076 2511 quantum
1100 2439 1134 2493 tu
1159 2441 1190 2493 et
1213 2451 1303 2493 oma-

52 2546 225 2600 lmentum
250 2547 377 2602 tuorum
402 2557 486 2602 esses
510 2547 542 2601 et
566 2559 663 2600 onus:
698 2537 817 2601 suffecit
842 2536 891 2600 ille
916 2537 986 2600 huic
1005 2539 1151 2602 sarcinae.
1191 2559 1211 2600 o
1228 2539 1305 2600 dura
1319 2555 1344 2596 uu

81 2641 143 2706 lata
166 2654 200 2707 et
224 2645 315 2708 nullis
339 2665 439 2726 aequa
464 2645 646 2708 uirtutibus!
688 2654 857 2725 antequam
881 2643 1060 2707 felicitatem
1084 2666 1173 2707 suam
1197 2654 1305 2707 nosset

81 2750 174 2814 irater
198 2761 283 2828 tuus,
308 2763 476 2833 exemptus
500 2761 555 2814 est.
594 2772 705 2834 parum
729 2761 835 2814 autem
860 2771 912 2813 me
935 2752 1088 2832 indignari
1111 2754 1184 2814 scio.
1231 2751 1305 2813 nihil

81 2867 125 2918 est
150 2860 236 2920 enim
261 2857 412 2921 difficilius
436 2879 530 2939 quam
554 2877 671 2940 magno
688 2858 790 2920 dolori
806 2858 891 2940 paria
908 2859 1004 2920 uerba
1020 2861 1162 2941 reperire.
1195 2859 1303 2919 etiam-

51 2975 62 3027 l
81 2983 161 3025 nunc
185 2973 309 3040 tamen,
338 2967 362 3026 si
385 2965 460 3045 quid
484 2964 637 3046 proficere
660 2985 844 3046 possumus,
868 2984 1116 3045 conqueramur:
1150 2965 1224 3044 quid
1249 2964 1304 3026 tibi

80 3070 222 3143 uoluisti,
254 3080 320 3133 tam
349 3073 461 3134 iniusta
485 3081 517 3134 et
541 3081 606 3135 tam
631 3072 767 3134 uiolenta
790 3070 935 3134 fortuna?
974 3081 1039 3133 tam
1063 3073 1125 3134 cito
1150 3082 1182 3134 te
1206 3071 1303 3134 indul·
1320 3091 1345 3130 aa

80 3178 206 3256 gentiae
230 3185 304 3240 tuae
326 3179 499 3261 paenituit?
531 3199 612 3259 quae
635 3180 694 3240 ista
717 3177 883 3241 crudelitas
905 3181 973 3241 est?
1006 3180 1035 3240 in
1057 3179 1179 3256 medios
1196 3177 1305 3241 fratres

80 3282 223 3365 inpetum
255 3282 357 3347 lacere
380 3294 412 3348 et
436 3295 502 3348 tam
527 3295 654 3348 cruenta
677 3285 784 3367 rapina
808 3285 1086 3347 concordissimam
1111 3285 1236 3348 turham
1261 3287 1303 3346 in-

80 3391 231 3465 minuere,
255 3399 320 3454 tam
345 3390 427 3454 bene
450 3393 597 3472 stipatam
623 3392 816 3473 optimorum
841 3389 1087 3454 adulescentium
1110 3394 1252 3465 domum,
1275 3392 1305 3452 in

80 3568 295 3576 ——-—--—

173 3673 188 3726 [l
208 3681 246 3724 est
262 3675 326 3724 enim
347 3671 373 3726 B
391 3675 455 3724 enim
475 3653 509 3724 est
529 3673 594 3733 ΒΕ;
621 3671 657 3742 os.
678 3675 710 3726 22
731 3675 791 3724 nihil
811 3683 845 3725 est
864 3676 928 3724 enim
948 3635 1071 3724 difficillus
1161 3673 1307 3740 quisquisB

174 3764 280 3834 terrete
300 3760 325 3814 Β
343 3769 366 3812 te
385 3763 446 3812 serre
465 3761 519 3820 ΒΕ
606 3761 622 3816 li
647 3764 736 3813 dilectu
753 3761 776 3816 B
794 3765 889 3814 delectu
902 3761 956 3816 ΒΕ
1044 3763 1059 3816 9
1079 3761 1236 3816 incedisseD

180 3851 208 3902 ll
236 3852 360 3916 inceptam
380 3849 405 3904 D
503 3853 537 3905 12
562 3869 593 3902 ne
618 3870 646 3902 ex
671 3854 773 3918 indigno
799 3837 897 3918 quidelm
916 3850 1027 3906 Fickert
1051 3869 1081 3902 ne
1106 3869 1134 3902 ex
1153 3853 1229 3917 digno
1254 3853 1306 3917 qui·

80 3941 137 3988 (lem
158 3937 213 3994 ΒΕ
235 3955 280 3990 nec
299 3957 327 3990 ex
347 3942 424 4005 digno
443 3941 541 4006 quidem
562 3939 587 3994 Β
612 3959 656 3992 nec
675 3959 704 3992 ex
722 3943 824 4007 indigno
843 3943 942 4008 quidem
962 3941 1047 4012 Neap.
1155 3940 1187 3992 13
1208 3942 1305 3991 dolores

81 4024 115 4078 1τὲ
138 4026 163 4080 Β
278 4027 310 4081 lt>
336 4027 550 4096 adcqgnoscesB
682 4029 714 4082 17
739 4031 815 4080 multo
842 4036 865 4080 te
889 4032 988 4080 liberius
1016 4029 1039 4084 B
1163 4033 1260 4096 tiuriarp
1284 4031 1306 4084 Β

173 4116 206 4170 18
227 4115 267 4168 illi
286 4115 340 4172 ΒΕ
429 4117 460 4170 19
485 4125 509 4168 tu
528 4125 551 4170 et
569 4117 623 4172 ΒΕ
640 4127 662 4170 er
682 4116 708 4171 B
798 4117 832 4172 20
855 4121 934 4170 honus
953 4117 1033 4172 ΒΒΕ
1119 4119 1215 4192 sarcina
1229 4117 1309 4173 ΒΒΕ

173 4205 203 4258 21
231 4207 303 4256 nullis
322 4223 384 4272 equa
406 4204 429 4259 B
448 4207 518 4258 nullis
538 4211 600 4259 bene
619 4225 680 4273 equa
702 4205 753 4261 ΒΕ
759 4226 765 4266 ;
787 4224 822 4261 art
838 4205 894 4277 sall
912 4225 990 4274 paene
1009 4210 1103 4272 aequa?
1206 4205 1241 4260 22
1266 4226 1305 4258 ex·

81 4301 151 4360 eplus
173 4292 198 4347 Ε
285 4295 318 4350 23
342 4298 448 4362 reperire
469 4293 492 4348 B
511 4299 643 4362 rependere
662 4295 717 4350 ΒΕ
808 4299 945 4348 etiamnunc
965 4296 1059 4349 Haase
1077 4298 1127 4346 iam
1146 4313 1209 4347 nunc
1230 4294 1309 4351 ΒΒΕ

173 4383 206 4436 25
233 4386 281 4434 cito
300 4391 324 4434 te
343 4385 491 4450 indulgentie
512 4383 536 4439 Β
554 4389 603 4437 cito
623 4387 771 4451 indulgentie
792 4383 844 4439 ΒΕ
949 4384 982 4439 26
1007 4385 1109 4451 penituit
1127 4382 1208 4438 ΒΒΕ

82 4472 215 4522 credulitas
234 4470 259 4525 Β
349 4457 383 4526 28
400 4482 451 4524 tam
470 4475 533 4525 bene
552 4473 578 4528 B
596 4471 694 4526 la'nrlem
717 4471 769 4528 ΒΕ
856 4476 1040 4526 adolescentum
1061 4472 1087 4527 Β

1061 4561 1093 4616 18
