3184 5318
223 365 304 413 orsu.
319 365 359 410 rx⁴
387 368 430 410 no
445 363 587 410 saxsxvx
603 367 642 410 oa
656 365 922 420 sanxonuurnrs
937 365 1034 412 autur.
1062 368 1082 412 r.
1097 368 1117 412 s.
1214 373 1279 436 205

65 531 147 575 causa
177 513 210 575 in
242 511 395 594 querellas
418 513 530 595 placet.
577 522 701 577 constet
724 513 764 576 illi
787 513 859 576 licet
881 513 960 577 fides
984 524 1016 578 et
1038 513 1274 576 beneuolentia:

64 616 271 700 tranquillitati
286 627 394 682 tamen
409 621 548 682 inimicus
564 628 613 682 est
629 639 737 682 comes
751 619 954 702 perturbatus
970 627 1002 683 et
1018 621 1125 682 omnia
1140 637 1279 700 gemens.

18 737 49 787 >1
143 723 230 787 V111.
284 725 495 788 Transeamus
533 727 575 788 ad
612 727 817 807 patrimonia,
860 727 1032 788 maximam
1071 724 1278 788 humanarum

1 899 2 902 Ἴ
64 849 277 892 aerumnarum
301 831 472 894 materiam.
518 851 592 894 nam
616 832 642 894 si
665 832 769 894 omnia
793 830 864 906 alia,
893 831 1005 912 quibus
1029 831 1179 912 angimur,
1204 849 1277 891 con-

1 1001 2 1010 ,
64 955 153 1018 pares,
178 945 310 1011 mortes,
332 937 576 1018 aegrotationes,
599 946 712 1012 metus,
729 938 892 1012 desideria,
908 936 1055 1000 dolorum
1072 936 1305 1017 laborumquet

1 1037 2 1040 '
64 1043 251 1124 patientiam,
275 1063 346 1105 cum
367 1044 405 1106 iis
428 1063 508 1126 quae
531 1043 622 1106 nobis
646 1043 729 1106 mala
750 1043 883 1124 pecunia
905 1037 1013 1106 n'ostra
1036 1042 1178 1116 exhibet,
1202 1042 1281 1104 haec

41 1157 128 1231 tpars
155 1153 293 1212 multum
316 1149 544 1231 praegrauabit.
590 1150 697 1232 itaque
720 1149 926 1231 cogitandum
950 1156 1011 1225 est,
1040 1155 1158 1230 quanto
1181 1146 1280 1210 leuior

65 1253 148 1318 dolor
178 1255 221 1317 sit
251 1273 316 1316 non
346 1253 464 1318 habere
493 1275 590 1338 quam
621 1255 774 1337 perdere:
808 1261 839 1317 et
862 1253 1079 1336 intellegemus
1102 1255 1280 1336 paupertati

1 1426 2 1434 χ
65 1379 98 1421 eo
119 1361 277 1422 minorem
301 1367 532 1424 tormentorum
555 1379 619 1442 quo
640 1362 795 1424 minorem
815 1361 1005 1448 damnorum
1020 1379 1090 1422 esse
1105 1360 1278 1422 materiam.

66 1485 140 1526 erras
163 1466 266 1539 enim,
298 1465 323 1527 si
344 1473 436 1547 putas
459 1467 629 1529 animosius
653 1467 841 1528 detrimenta
863 1466 974 1528 diuites
997 1464 1095 1528 ferre:
1130 1465 1279 1528 maximis
1297 1477 1319 1530 Ψ

1 1555 2 1636 J
41 1581 50 1626 :t
66 1571 257 1652 minimisque
279 1571 463 1653 corporibus
484 1591 543 1653 par
565 1579 613 1634 est
637 1570 730 1634 dolor
752 1571 895 1634 uolneris.
941 1571 1021 1632 Bion
1045 1570 1205 1651 eleganter
1228 1570 1279 1645 ait,

65 1696 121 1738 non
150 1677 255 1738 minus
286 1673 455 1738 molestum
478 1695 549 1740 esse
571 1676 666 1740 caluis
689 1697 784 1759 quam
808 1677 940 1739 comatis
967 1676 1047 1758 pilos
1070 1675 1148 1739 uelli.
1172 1709 1175 1717 ·
1194 1677 1279 1738 idem

1 1793 2 1866 j
65 1783 136 1844 scias
157 1781 229 1844 licet
253 1782 295 1844 de
317 1782 506 1864 pauperibus
529 1781 808 1865 locupletibusque,
832 1803 889 1864 par
908 1782 965 1846 illis
981 1801 1051 1846 esse
1066 1789 1277 1845 tormentum:

66 1891 195 1970 utrisque
227 1889 312 1951 enim
343 1889 474 1970 pecunia
503 1909 561 1952 sua
583 1888 729 1952 obhaesit
751 1909 809 1952 nec
832 1891 898 1951 sine
921 1909 1014 1952 sensu
1037 1889 1143 1951 reuelli
1165 1897 1280 1971 potest.

65 1994 249 2057 tolerabilius
281 1999 387 2057 a'utem
418 2003 482 2070 est,
514 2003 548 2059 ut
579 1996 659 2070 dixi,
691 1994 870 2077 faciliusque
901 2015 965 2057 non
996 1996 1162 2078 adquirere
1184 2014 1280 2078 quam
1299 2007 1321 2046 tt

65 2101 209 2176 amittere,
232 2102 371 2182 ideoque
394 2100 539 2164 laetiores
563 2103 684 2164 uidebis
706 2123 788 2183 quos
803 2121 977 2182 numquam
992 2100 1118 2165 fortuna
1133 2103 1280 2184 respexit,

41 2213 151 2287 lquam
179 2227 261 2289 quos
293 2208 437 2270 deseruit.
484 2209 560 2270 uidit
588 2206 651 2270 hoc
674 2209 851 2290 Diogenes,
883 2208 929 2270 uir
952 2209 1085 2288 ingentis
1108 2209 1218 2284 animi,
1248 2215 1282 2270 et

66 2311 176 2388 effecit,
201 2333 242 2376 ne
265 2314 341 2395 quid
364 2314 422 2376 sibi
445 2314 521 2396 eripi
544 2322 661 2397 posset.
707 2321 742 2378 tu
765 2315 848 2376 istud
872 2321 1109 2396 paupertatem,
1134 2315 1280 2396 inopiam,
1325 2359 1329 2368 .

68 2429 234 2500 egestatem
259 2440 347 2494 uoca,
370 2421 457 2502 quod
479 2419 566 2483 uoles
582 2422 826 2502 ignominiosum
842 2421 998 2483 securitati
1013 2440 1131 2482 nomen
1146 2421 1278 2502 inpone:

67 2527 176 2606 putabo
201 2525 286 2589 hunc
308 2545 372 2588 non
396 2547 465 2590 esse
488 2526 626 2603 felicem,
656 2529 682 2590 si
705 2537 800 2610 q'uem
825 2527 899 2590 mihi
923 2527 1017 2590 alium
1040 2528 1209 2601 inueneris,
1234 2527 1281 2588 cui
1296 2538 1322 2578 ²0

67 2631 130 2694 nihil
151 2641 271 2715 pereat.
317 2613 370 2695 aut
394 2653 457 2714 ego
481 2632 579 2710 fallor,
602 2641 656 2697 aut
680 2651 813 2714 regnum
837 2640 886 2695 est
906 2633 986 2696 inter
1006 2653 1126 2708 auaros
1151 2633 1286 2695 circum·

68 2740 243 2820 scriptores,
274 2739 429 2816 latrones,
458 2740 625 2822 plagiarios
648 2759 744 2802 unum
769 2759 853 2814 esse,
884 2741 932 2803 cui
955 2739 1062 2802 noceri
1086 2759 1149 2800 non
1173 2739 1281 2819 possit.

40 2845 88 2904 lsi
112 2846 177 2927 quis
201 2847 244 2908 de
268 2843 415 2909 felicitate
437 2846 588 2928 Diogenis
611 2846 751 2920 dubitat,
781 2854 889 2927 potest
911 2846 996 2907 idem
1020 2844 1164 2906 dubitare
1185 2853 1218 2906 et
1241 2845 1283 2906 de

68 2951 190 3014 deorum
214 2952 427 3014 inmortalium
443 2955 544 3028 statu,
568 2971 608 3015 an
631 2971 743 3034 parum
767 2952 861 3014 beate
883 2952 1010 3034 degant,
1034 2952 1121 3033 quod
1144 2950 1201 3012 illis
1224 2969 1282 3012 nec
1329 2957 1332 2964 ’

68 3059 184 3134 praedia
208 3077 268 3121 nec
291 3057 374 3122 horti
397 3061 458 3122 sint
481 3079 540 3121 nec
563 3058 664 3121 alieno
689 3058 803 3121 colono
828 3079 899 3121 rura
922 3058 1060 3144 pretiosa
1081 3077 1140 3119 nec
1161 3058 1282 3138 grande
1296 3069 1322 3110 π

68 3161 92 3222 in
119 3162 189 3226 foro
220 3162 336 3227 faenus.
382 3185 447 3228 non
469 3173 502 3228 te
525 3167 633 3247 pudet,
656 3163 793 3248 quisquis
815 3161 929 3228 diuitiis
952 3165 1123 3247 adstupes?
1162 3163 1283 3244 respice

68 3271 195 3348 agedum
217 3271 392 3333 mundum:
418 3272 521 3334 nudos
537 3271 659 3334 uidebis
675 3272 763 3347 deos,
779 3273 886 3334 omnia
902 3272 1014 3334 dantes
1030 3269 1104 3332 nihil
1119 3268 1282 3332 habentes.

68 3372 141 3437 hunc
163 3385 197 3438 tu
211 3397 386 3462 pauperem
402 3385 498 3461 putas
511 3399 551 3440 an
567 3377 615 3440 dis
632 3377 849 3440 inmortalibus
865 3377 1007 3454 similem,
1031 3377 1084 3458 qui
1099 3395 1134 3438 se
1149 3374 1283 3438 fortuitis

41 3485 53 3534 l
69 3481 205 3545 omnibus
225 3483 334 3544 exuit?
365 3482 534 3548 feliciorem
550 3493 585 3546 tu
601 3483 800 3546 Demetrium
818 3484 1045 3567 Pompeianum
1061 3501 1165 3556 uocas,
1187 3501 1285 3563 quem

69 3604 124 3648 uon
144 3587 254 3671 puduit
274 3587 514 3671 locupletiorem
530 3609 600 3652 esse
616 3589 790 3670 Pompeio?
822 3610 970 3654 numerus
986 3589 1028 3652 illi
1043 3588 1159 3650 cotidie
1174 3607 1282 3650 seruo·
1298 3597 1323 3638 ³0

70 3710 130 3754 rum
153 3692 238 3756 uelut
260 3697 442 3777 imperatori
466 3697 623 3759 exercitus
647 3694 848 3772 referebatur,
872 3696 919 3758 cui
941 3696 1003 3758 iam
1021 3694 1141 3755 dudum
1158 3693 1284 3757 diuitiae

74 3955 264 4009 ibeniuolentia
355 3959 498 4020 ferilnalt
600 3959 615 4012 [t
642 3962 806 4025 egrotationes
909 3903 1028 4010 sseiibet
1130 3958 1176 4007 hec

71 4040 252 4111 ipregrauabit
344 4046 488 4115 9dt'tpnoll
501 4047 529 4116 (p
542 4048 569 4100 ἐκ
585 4047 641 4116 fine
654 4063 752 4100 uersus
765 4063 847 4101 manu
860 4063 914 4100 rec.
928 4045 1034 4110 addita)
1126 4044 1159 4097 14
1178 4046 1283 4110 utrisque

72 4179 220 4240 linum
240 4189 335 4253 utrique
444 4187 476 4239 lb
501 4147 618 4254 acquirere
642 4191 683 4254 (eq
702 4187 786 4256 corr.)
897 4185 930 4240 tt
956 4188 1052 4237 letiores
1160 4186 1194 4239 25
1218 4185 1283 4235 horti

72 4307 100 4367 (h
115 4292 197 4377 erasa)
288 4311 397 4376 prptiosa
486 4309 520 4364 26
540 4313 608 4376 fenus
626 4309 664 4380 cs.
687 4307 839 4365 Bramlaclt
862 4307 935 4365 Orth.
950 4327 981 4382 p.
1004 4313 1052 4364 104
1143 4295 1178 4362 27
1198 4283 1283 4359 dante⁵

72 4447 141 4498 nuni
161 4430 274 4504 nauata*
294 4429 341 4520 (ιέ
361 4451 401 4505 us
419 4453 503 4519 corr.)
595 4451 629 4505 es
648 4411 695 4502 dis
713 4452 744 4522 (a
763 4451 825 4520 au.)
917 4452 1051 4508 moriana
