3212 5326
496 983 526 1050 u
557 981 698 1050 nullu
723 981 888 1048 surrent

313 1130 752 1228 DIALOGORVM
786 1131 983 1226 LIBER
1018 1131 1067 1228 V.

572 1343 620 1392 AD
640 1340 814 1390 NOVATVM

611 1485 672 1544 DE
695 1485 773 1543 IRA

583 1636 732 1672 LIBER
764 1636 800 1674 111.

78 1903 81 1950 1
170 1893 189 1954 Ι.
240 1857 339 1955 Quod
352 1894 492 1956 maxime
500 1893 695 1968 desiderasti,
709 1891 844 1968 Nouate,
861 1913 942 1954 nunc
955 1891 1057 1956 facere
1069 1895 1306 1976 temptabimus,

98 1998 159 2061 iram
181 2001 327 2063 excidere
351 2001 460 2061 animis
484 2009 538 2061 aut
570 2008 655 2062 certe
686 1999 842 2061 refrenare
866 2008 897 2062 et
921 2001 1044 2080 inpetus
1069 2001 1132 2062 eius
1157 1999 1304 2062 inhibere.

97 2103 121 2165 id
140 2105 302 2188 aliquando
326 2105 431 2188 palam
456 2115 627 2188 aperteque
658 2105 835 2168 iaciendum
868 2117 931 2180 est,
962 2107 1015 2168 ubi
1039 2108 1140 2168 minor
1163 2109 1209 2168 uis
1232 2106 1306 2168 mali

97 2213 207 2291 patitur,
239 2212 408 2296 aliquando
432 2233 474 2274 ex
497 2213 639 2284 occult0,
671 2212 724 2274 ubi
747 2213 876 2274 nimium
900 2214 991 2274 ardet
1015 2214 1164 2294 omnique
1185 2211 1302 2293 inpedi-

97 2329 186 2382 mento
225 2329 431 2402 exasperatur
469 2330 501 2382 et
540 2321 658 2382 crescit.
719 2318 814 2382 refert
852 2328 985 2401 quantas
1026 2321 1107 2382 uires
1144 2337 1304 2401 quamque
1332 2345 1345 2380 a

96 2425 212 2507 integras
235 2427 362 2502 lrabeat,
382 2436 489 2488 utrum
514 2427 746 2488 reuerberanda
770 2435 802 2489 et
826 2429 949 2507 agenda
972 2436 1057 2489 retro
1073 2427 1112 2490 sit
1135 2447 1175 2489 an
1191 2426 1305 2488 cedere

96 2531 117 2591 ei
141 2534 325 2608 debeamuS‚
364 2535 441 2596 dum
472 2542 646 2616 tempestas
677 2533 778 2615 prima
810 2533 964 2606 desaeust,
997 2553 1037 2596 ne
1067 2535 1207 2596 remedia
1238 2535 1306 2615 ipsa

71 2641 185 2701 lsecum
215 2639 303 2702 ferat.
350 2638 511 2702 consilium
547 2659 605 2720 pro
645 2639 786 2701 moribus
824 2641 971 2721 cuiusque
1011 2641 1198 2722 capiendum
1238 2640 1303 2702 erit.

95 2749 232 2824 quosdam
257 2747 340 2808 enim
364 2765 474 2828 preces
498 2747 633 2808 uincunt.
678 2747 807 2826 quidam
839 2746 987 2807 insultant
1017 2747 1196 2828 instantque
1218 2765 1303 2808 sum·

96 2852 185 2914 missis.
231 2854 389 2934 quosdam
406 2855 555 2914 terrendo
580 2852 783 2934 placabimus.
829 2851 907 2914 alios
924 2852 1111 2932 obiurgatio,
1135 2851 1211 2914 alios
1227 2871 1301 2913 con·
1321 2873 1344 2913 ro

94 2954 178 3034 lessio,
210 2959 287 3022 alios
318 2961 422 3041 pudor
453 2967 569 3041 coepto
601 2959 728 3034 deiciet,
753 2958 830 3020 alios
854 2978 961 3033 mora,
984 2958 1103 3021 lentum
1126 2958 1304 3040 praecipitis

70 3067 79 3112 :t
95 3063 153 3125 mali
174 3067 358 3141 remedium,
382 3066 422 3127 ad
446 3067 533 3147 quod
550 3067 719 3128 nouissime
738 3065 997 3127 descendendum
1014 3073 1070 3127 est.
1109 3063 1203 3127 ceteri
1220 3064 1302 3126 enim

94 3169 218 3235 adlectus
242 3172 425 3234 dilationem
448 3172 600 3255 recipiunt
624 3181 656 3234 et
680 3173 778 3233 curari
811 3173 929 3234 tardius
953 3181 1103 3255 possunt:
1138 3171 1228 3233 huius
1258 3172 1302 3232 in-

94 3276 173 3340 citata
194 3289 227 3341 et
249 3299 285 3341 se
308 3279 376 3360 ipsa
397 3280 520 3361 rapiens
538 3278 683 3340 uiolentia
708 3299 770 3339 non
796 3277 945 3360 paulatim
970 3278 1122 3360 procedit,
1146 3277 1202 3340 sed
1226 3279 1302 3339 dum

93 3382 188 3465 incipit,
213 3393 282 3448 tota
306 3395 363 3448 est.
401 3405 460 3446 nec
483 3384 613 3446 aliorum
639 3404 729 3446 more
751 3385 896 3446 uitiorum
921 3385 1066 3447 sollicitat
1089 3385 1219 3459 animos
1244 3385 1302 3446 sed
1319 3403 1343 3444 rr

93 3489 204 3553 abducit
228 3501 259 3554 et
282 3492 461 3572 inpotentes
485 3491 530 3552 sui
554 3492 749 3574 cupidosque
773 3491 822 3553 uel
854 3491 1031 3553 communis
1055 3489 1128 3551 mali
1151 3493 1302 3571 exagitat,

93 3599 187 3659 necin
212 3619 249 3660 ea
272 3607 396 3661 tantum
427 3575 563 3678 inquae
593 3597 777 3671 destinauit,
809 3598 865 3660 sed
896 3599 926 3658 in
958 3597 1154 3659 occurrentia
1176 3597 1220 3658 ob
1244 3597 1302 3658 iter

68 3699 157 3764 llurit
200 3716 306 3768 cetera
347 3705 420 3766 uitia
458 3703 609 3785 inpellunt
647 3706 788 3766 animos:
830 3706 874 3767 ira
911 3705 1104 3785 praecipitat.
1150 3704 1245 3766 etiam
1276 3704 1301 3765 si

93 3810 219 3872 resistere
242 3821 354 3873 contra
385 3809 526 3873 adlectus
557 3831 631 3872 suos
662 3811 834 3884 nonlicet,
862 3819 899 3872 at
923 3817 1007 3872 certe
1031 3808 1205 3871 adfectibus
1228 3810 1301 3890 ipsis

93 3911 152 3977 licet
172 3926 268 3979 stare:
303 3916 383 3978 haec
414 3937 478 3978 non
510 3935 599 3978 secus
623 3937 718 3998 quam
743 3915 871 3978 fulmina
893 3915 1113 3998 procellaeque
1136 3925 1170 3977 et
1191 3916 1216 3976 si
1239 3935 1301 3996 qua
1315 3931 1342 3973 m

93 4045 285 4058 5--

93 4127 215 4192 timpetus
299 4129 514 4182 tlreuerberanda
534 4125 698 4198 Hettsinqer:
720 4129 907 4178 neuerberanda
997 4127 1013 4180 ll
1033 4130 1147 4191 instantq;
1170 4125 1194 4192 (;
1216 4125 1299 4190 corr.)

160 4218 187 4270 ll
206 4220 294 4269 deiciet
313 4214 404 4270 Koch:
427 4217 515 4266 deiecit
605 4216 632 4267 tl
653 4219 753 4266 affectus
772 4215 866 4286 (prior
885 4218 896 4264 s
912 4215 996 4282 corr.)
1078 4213 1109 4267 17
1128 4216 1162 4264 ob
1182 4216 1225 4263 iter
1244 4214 1301 4264 lurit

93 4332 187 4403 Meller,
206 4344 285 4392 obiter
304 4342 360 4390 furit
379 4337 477 4408 uulqo:
498 4342 541 4390 obi
561 4297 640 4390 terluit
723 4341 752 4391 ld
771 4341 902 4405 precipitat
922 4338 1043 4406 (uidetur
1059 4337 1150 4406 fuisse
1168 4337 1220 4402 ant)

97 4425 121 4474 lll
137 4431 226 4480 allectus
298 4431 426 4480 affectibus
