3184 5318
307 345 369 406 162
545 338 625 383 mnu.
636 338 685 381 Vll.
709 338 750 380 AD
765 335 943 380 GALLIONEM
957 337 998 378 DE
1011 333 1083 377 VITA
1097 333 1204 377 BEATA.
1233 335 1253 379 8.
1267 336 1288 376 9.
1580 345 1581 432 q

304 487 417 548 sinon
440 483 625 547 subierimus
648 504 758 547 eorum
783 485 964 546 seruitutem
988 503 1047 545 nec
1069 481 1129 544 nos
1152 479 1251 542 aliena
1273 480 1483 562 possederint,
1501 481 1520 540 si
1580 479 1581 486 ’

305 593 430 675 corpori
460 601 551 673 grata
580 601 614 654 et
644 591 821 654 aduenticia
851 611 890 652 eo
921 589 1015 652 nobis
1045 588 1117 651 loco
1148 586 1277 662 fuerint,
1308 609 1373 669 quo
1405 587 1520 649 suntin
1580 603 1581 656 3

305 700 413 762 castris
436 697 551 761 auxilia
574 707 606 761 et
629 707 806 760 armaturae
828 697 934 760 leues:
961 696 1097 758 seruiant
1119 695 1187 771 ista,
1211 715 1276 757 non
1299 695 1469 775 imperent,
1488 694 1520 754 ita
1580 735 1581 767 ,

305 783 434 868 denium
458 805 543 867 utilia
565 814 638 866 sunt
662 805 765 867 menti.
805 805 1003 887 incorruptus
1025 804 1072 865 uir
1094 804 1134 864 sit
1156 802 1296 865 externis
1319 809 1352 862 et
1374 802 1543 882 insuperal
1580 845 1581 870 ,

279 913 374 974 ubilis
413 913 605 992 miratorque
642 919 766 973 tanturn
806 911 869 986 sui,
907 910 1010 972 fidens
1042 911 1148 972 animo
1179 918 1275 990 atque
1305 909 1336 970 in
1367 917 1520 987 utrumque
1580 953 1581 979 ,

305 1028 432 1100 paratus
460 1017 573 1080 artifex
603 1018 694 1080 uitae.
740 1017 854 1080 fiducia
884 1019 949 1079 eius
980 1037 1045 1078 non
1075 1019 1141 1079 sine
1168 1017 1297 1078 scientia
1319 1017 1374 1090 sit,
1407 1014 1521 1076 scientia
1580 997 1581 1091 1

305 1146 370 1187 non
393 1126 459 1187 sine
482 1125 677 1187 constantia:
704 1133 853 1186 maneant
876 1122 917 1186 illi
936 1105 1039 1186 semel
1061 1121 1176 1204 placita
1198 1143 1257 1184 nec
1277 1121 1340 1184 ulla
1355 1121 1386 1183 in
1402 1121 1520 1184 decretis
1580 1119 1581 1164 l

305 1233 370 1294 eius
393 1231 483 1294 litura
505 1232 552 1293 sit.
598 1229 794 1312 intellegitur,
818 1231 1029 1293 etiamsinon
1052 1231 1206 1306 adiecero,
1231 1229 1434 1310 conpositum
1450 1228 1518 1289 ordi-

304 1348 476 1419 natumque
505 1336 573 1400 fore
605 1337 700 1400 talem
732 1339 832 1400 uirum
863 1347 895 1400 et
926 1339 957 1400 in
987 1338 1022 1399 iis
1053 1357 1134 1418 quae
1164 1344 1239 1417 aget
1277 1356 1349 1398 cum
1380 1335 1518 1400 comitate
1580 1405 1581 1419 χ

268 1465 291 1504 u
306 1445 516 1527 magnificum.
562 1454 692 1525 quaerat
723 1446 803 1507 ratio
834 1465 909 1506 uera
939 1443 1081 1506 sensibus
1108 1445 1232 1506 inritata
1257 1451 1289 1505 et
1312 1443 1438 1526 capiens
1459 1440 1546 1508 iudet

304 1553 473 1635 principia:
500 1571 558 1612 nec
581 1553 664 1613 enim
688 1550 786 1613 habet
810 1550 902 1626 aliud,
926 1552 1010 1613 unde
1035 1558 1167 1613 conetur
1190 1558 1245 1612 aut
1267 1550 1352 1611 unde
1368 1550 1409 1610 ad
1426 1566 1520 1610 uerum

304 1660 446 1741 inpetum
478 1659 599 1739 capiat:
633 1660 664 1719 in
695 1679 729 1720 se
760 1666 942 1720 reuertatur.
988 1679 1063 1720 nam
1095 1659 1232 1720 mundus
1264 1677 1393 1739 quoque
1423 1663 1521 1718 cuncta

305 1764 508 1847 conplectens
532 1774 698 1846 rectorque
721 1766 853 1828 uniuersi
877 1765 954 1828 deus
978 1767 1007 1827 in
1025 1766 1184 1854 exteriora
1198 1765 1327 1846 quidem
1343 1765 1452 1839 tendit,
1474 1763 1520 1824 sed
1580 1773 1581 1842 l

304 1882 412 1934 tamen
443 1873 473 1933 in
504 1880 606 1933 totum
638 1872 776 1953 undique
806 1873 837 1933 in
867 1893 901 1934 se
929 1873 1029 1935 redit:
1064 1872 1149 1934 idem
1173 1881 1281 1934 nostra
1305 1891 1395 1934 mens
1419 1870 1517 1933 saciat:
1580 1843 1581 1934 1

268 1997 290 2036 rs
306 1999 377 2041 cunr
408 1987 516 2040 secuta
546 1997 654 2040 sensus
685 1998 759 2040 suos
790 1999 847 2060 per
877 1977 946 2040 illos
977 1999 1012 2040 se
1044 1978 1086 2040 ad
1116 1988 1249 2040 externa
1277 1979 1466 2060 porrexerit,
1495 1985 1520 2038 et

305 2085 429 2148 illorum
453 2095 485 2147 et
506 2085 554 2146 sui
577 2093 691 2166 potens
714 2085 761 2148 sit.
800 2084 863 2147 hoc
886 2088 986 2148 modo
1009 2105 1072 2147 una
1095 2085 1247 2160 efficietur
1269 2087 1315 2147 uis
1338 2105 1376 2146 ac
1391 2091 1546 2168 potestast

305 2212 438 2254 concors
461 2190 519 2253 sibi
543 2199 575 2252 et
598 2192 677 2252 ratio
700 2190 751 2253 illa
774 2201 861 2254 certa
884 2201 1028 2255 nascetur
1051 2213 1115 2254 non
1131 2192 1286 2255 dissidens
1301 2211 1361 2253 nec
1375 2190 1519 2254 haesitans
1580 2192 1581 2254 l

305 2301 336 2361 in
367 2297 564 2380 opinionibus
595 2298 938 2381 conprensionibusque
968 2320 1027 2362 nec
1054 2300 1085 2361 in
1108 2300 1325 2380 persuasione,
1356 2317 1519 2380 quaecum

306 2426 340 2468 se
363 2405 517 2485 disposuit
541 2413 573 2466 et
595 2405 736 2486 partibus
759 2407 820 2469 suis
844 2407 1003 2468 consensit
1026 2415 1073 2481 et,
1097 2416 1131 2470 ut
1154 2407 1197 2468 ita
1220 2407 1340 2482 dicam,
1369 2405 1519 2478 concinuit,

266 2527 292 2568 20
306 2531 466 2574 summum
496 2511 617 2572 bonum
646 2512 759 2592 tetigit
805 2512 879 2575 nihil
910 2515 992 2576 enirn
1020 2514 1124 2596 praui,
1156 2512 1230 2575 nihil
1251 2512 1361 2575 lubrici
1383 2493 1520 2594 superest,

227 2690 228 2693 Ἴ
306 2619 380 2682 nibil
402 2619 434 2681 in
455 2638 520 2699 quo
544 2619 654 2680 arietet
678 2628 732 2681 aut
754 2618 849 2683 labet
889 2620 996 2682 omnia
1011 2619 1103 2682 faciet
1119 2641 1161 2682 ex
1176 2619 1309 2701 imperio
1324 2640 1382 2681 suo
1397 2617 1546 2697 nihilque

306 2727 499 2810 inopinatum
516 2725 647 2800 accidet,
671 2727 728 2788 sed
749 2728 903 2808 quidquid
926 2736 1046 2809 agetur,
1069 2728 1100 2789 in
1122 2727 1244 2789 bonum
1268 2726 1368 2788 exibit
1391 2723 1473 2787 facile
1493 2731 1519 2784 et

305 2841 414 2916 parate
445 2841 477 2894 et
509 2832 575 2892 sine
605 2833 865 2912 tergiuersatione
890 2835 1022 2914 agentis.
1068 2854 1142 2896 narn
1165 2833 1289 2915 pigritia
1312 2841 1344 2894 et
1364 2830 1518 2894 haesitatio

305 2959 445 3024 pugnam
469 2946 501 3000 et
524 2939 766 3003 inconstantiam
790 2941 937 3003 ostendit.
975 2961 1073 3021 quare
1096 2941 1256 3003 audaciter
1272 2939 1344 3002 licet
1360 2937 1518 3022 profitearis

266 3065 466 3111 assummum
497 3048 618 3112 bonurn
650 3068 719 3112 esse
750 3048 844 3110 animi
876 3049 1089 3112 concordiam.
1135 3048 1265 3110 uirtutes
1293 3047 1377 3108 enim
1398 3045 1439 3106 ibi
1459 3062 1518 3106 esse

307 3155 477 3232 debebunt,
501 3156 554 3217 ubi
578 3175 748 3218 consensus
772 3162 868 3236 atque
891 3155 992 3217 unitas
1015 3155 1093 3220 erit:
1120 3154 1273 3217 dissident
1296 3153 1377 3215 uitia

394 3261 452 3350 IX..
479 3260 544 3325 Sed
568 3272 602 3324 tu
623 3283 759 3345 quoque,
781 3262 889 3342 inquit,
913 3262 1060 3324 uirtutem
1082 3281 1146 3323 non
1166 3261 1210 3322 ob
1231 3260 1315 3323 aliud
1330 3259 1414 3335 colis,
1435 3262 1545 3340 quaml

305 3371 378 3450 quia
401 3369 536 3452 aliquam
560 3390 601 3432 ex
625 3368 676 3431 illa
699 3389 807 3451 speras
831 3368 1036 3452 uoluptatem.
1082 3368 1219 3451 primurn
1243 3389 1316 3444 non,
1340 3368 1366 3430 si
1390 3365 1516 3448 uolupta-

306 3616 322 3669 3
349 3623 472 3668 armatura
490 3619 551 3668 leuis
573 3615 654 3672 Gertz
680 3621 779 3670 temere
832 3679 837 3688 Ι
885 3616 902 3668 4
928 3603 959 3667 sit
977 3616 1015 3684 (itt
1034 3631 1099 3679 ras„
1115 3615 1171 3685 fuit
1189 3617 1247 3682 sim)
1356 3614 1372 3676 5
1398 3617 1514 3674 inutrumq;

307 3713 569 3828 biiiiiuisuprasor.
589 3774 622 3810 m.
636 3761 702 3825 reo.)
793 3758 809 3812 7
829 3760 921 3825 placita
935 3756 1099 3812 deteriores:
1121 3759 1220 3824 placida
1311 3741 1377 3808 Bsit
1390 3751 1515 3822 (rus.,fuit

305 3851 352 3899 sint
378 3845 424 3902 uel
447 3850 503 3914 sim)
607 3851 771 3914 compositum
875 3847 890 3901 9
916 3855 949 3900 i*
1058 3847 1092 3901 10
1117 3853 1169 3897 erat
1195 3863 1253 3896 uera
1272 3847 1347 3895 Ratio
1365 3840 1516 3897 ueracodex
1580 3845 1581 3866 ³

306 3936 393 4009 (apud
410 3935 568 3992 Fickertum
587 3933 703 3990 alterum
722 3955 779 3988 uera
799 3942 862 4002 om.)
881 3923 982 4003 quaerat
1001 3939 1064 3987 ratio
1083 3953 1139 3986 uera
1158 3932 1249 4003 Koch,
1274 3934 1313 3988 ita
1331 3939 1362 3988 ut
1373 3934 1452 4005 prius
1468 3945 1515 3981 uera

304 4027 339 4080 stt
365 4025 483 4096 duplicis
507 4033 607 4092 quaerat
632 4027 789 4096 uesliqt'uw
823 4034 862 4076 eat
886 4043 943 4077 uera
968 4029 1031 4076 ratio
1056 4023 1173 4096 Maduiq
1298 4027 1407 4075 sensibus
1430 4024 1515 4072 inritata

306 4131 436 4204 Modut'q:
458 4135 555 4186 senibus
574 4136 646 4185 inrita
686 4173 689 4180 .
737 4134 768 4186 11
789 4151 834 4184 nec
853 4135 918 4184 enim
937 4129 1035 4202 uulqo:
1057 4140 1081 4183 et
1092 4116 1138 4216 ⁸eni
1228 4133 1295 4190 aliud
1309 4133 1343 4198 ·(d
1361 4131 1442 4196 corr.)

306 4211 339 4275 12
358 4226 462 4274 mundus
481 4222 646 4278 deteriores:
668 4225 784 4273 mundum
875 4223 909 4276 14
922 4209 1036 4276 1ἰῐιὶοῐῐυι
1056 4221 1178 4290 (uidetur
1193 4220 1283 4290 fuisse
1301 4224 1335 4287 m)
1429 4217 1459 4270 15
1475 4215 1511 4264 ad·
1580 4273 1581 4282 ,

1420 4320 1433 4349 1,
1443 4309 1509 4355 parate

305 4370 429 4435 externam
506 4365 539 4419 21
560 4367 645 4416 arietet
665 4365 699 4432 (et
717 4335 793 4418 exin
809 4381 826 4418 a
845 4379 917 4418 corr.
935 4363 1069 4430 additum)
1154 4363 1189 4417 22
1201 4365 1317 4431 quicquid
1398 4362 1428 4415 23
1440 4363 1499 4425 pade

306 4454 455 4524 (suprascr.
476 4469 501 4505 m
529 4461 596 4516 rec)
