3234 5336
313 368 366 409 xlv
713 367 753 408 DE
768 367 882 410 comet:
896 367 1134 411 MEDlOLANENSl.

297 491 408 576 litteris
439 512 692 594 Longobardicis
715 513 927 594 conscriptus,
958 514 1231 594 septingentorum
1261 523 1293 576 et
1316 514 1449 594 amplius
1472 535 1523 586 an-

299 642 413 683 norum
438 622 625 701 antiquitate
641 621 854 681 uenerandus:
881 617 957 680 illud
981 621 1076 680 etiam
1100 630 1133 681 te
1156 640 1282 694 mone0,
1305 621 1526 684 humanissime
1612 683 1613 704 1

299 727 415 800 lector,
446 747 488 788 ex
518 726 581 788 hoc
611 726 811 805 potissimum
842 727 953 787 codice
984 727 1144 788 Muretum
1184 728 1229 788 sui
1260 726 1400 790 Senecae
1431 749 1525 810 quem
1612 709 1613 722 ¹

300 834 399 896 edidit
415 831 645 894 correctionem
668 826 820 913 petiisse',
845 833 886 894 ad
909 853 990 913 quae
1014 833 1137 895 addidit
1161 843 1224 896 tres
1246 833 1334 897 locos
1357 855 1376 896 a
1399 835 1525 897 Mureto

300 960 343 1000 ex
359 940 469 1001 codice
485 937 536 1000 illo
553 937 751 1000 emendatos.
799 937 891 1018 Quae
915 937 1033 1019 Olgiati
1058 939 1156 1000 uerba
1180 941 1233 1002 uix
1256 939 1446 1014 attulissem,
1470 942 1526 1003 nisi

300 1046 350 1108 hic
373 1045 495 1108 fontem
519 1045 699 1106 uideremus
722 1043 800 1107 illius
825 1045 866 1106 de
889 1045 1003 1107 Mureti
1028 1047 1137 1107 codice
1154 1044 1259 1108 Siculo
1275 1045 1407 1122 fabulae,
1431 1067 1524 1128 quam

277 1145 281 1152 ’
302 1151 352 1214 uel
369 1151 465 1214 Gertz
483 1151 625 1231 diligenti
649 1159 681 1212 at
704 1171 937 1232 superuacanea
959 1159 1066 1213 tamen
1091 1171 1189 1232 opera
1213 1153 1445 1216 dissoluendam
1469 1155 1526 1216 sibi
1613 1201 1614 1239 q

300 1279 369 1320 esse
392 1259 531 1340 putauit;
558 1277 661 1338 neque
685 1258 786 1319 minus
809 1257 860 1319 hic
882 1267 1037 1339 apparent
1061 1260 1176 1320 doctae
1198 1257 1269 1320 illae
1291 1270 1387 1322 notae
1410 1263 1524 1341 margi·
1613 1247 1614 1256 ἵ

300 1365 401 1439 hales,
441 1385 520 1446 quas
554 1372 661 1426 tamen
693 1365 785 1425 tertia
815 1385 909 1426 manu
948 1385 1025 1426 sane
1060 1364 1223 1427 nonnullas
1254 1365 1396 1428 exhiberi
1426 1366 1525 1430 saten-

302 1472 377 1534 dum
402 1480 458 1533 est.
505 1472 540 1532 In
563 1471 688 1532 alterius
711 1470 775 1533 folii
798 1470 902 1532 fronte
925 1472 1122 1533 inueniuntur
1142 1466 1204 1534 ‘est
1224 1472 1356 1535 Antonii
1372 1474 1527 1535 Francisci

301 1577 489 1660 Neapolitae
513 1577 683 1640 Caraccioli
706 1576 792 1639 siculi
817 1588 849 1638 et
872 1579 1045 1640 amicorum
1070 1599 1153 1640 anno
1188 1581 1270 1643 1583
1303 1583 1341 1641 10
1366 1578 1421 1640 cal.
1446 1581 1526 1642 Nou.

301 1685 486 1746 Messanae'.
540 1683 574 1744 ln
606 1703 717 1746 auersa
754 1693 845 1764 parte
882 1685 978 1745 index
1012 1685 1107 1746 minio
1139 1684 1271 1766 scriptus
1301 1685 1362 1748 hac
1398 1686 1525 1767 quidem
1614 1763 1615 1766 Ἴ

301 1790 421 1853 forma:
448 1791 484 1852 L.
503 1790 607 1852 Annei
629 1788 770 1852 Senecae
798 1789 802 1873 1
833 1790 1043 1872 Dialogorum
1059 1791 1128 1854 libri
1144 1792 1227 1855 nuti,
1244 1792 1313 1854 XII.
1342 1794 1347 1864 1
1373 1793 1403 1853 in
1419 1793 1527 1873 primis
1614 1767 1615 1788 Χ

301 1898 341 1960 ad
357 1897 522 1960 Lucilium.
554 1896 662 1977 Quare
677 1896 781 1978 aliqua
808 1895 812 1979 1
840 1900 1046 1959 incommoda
1062 1899 1154 1961 bonis
1177 1902 1248 1961 uiris
1271 1877 1423 1961 accidant.
1455 1920 1526 1961 cum

301 2005 501 2086 prouidentia
530 2005 570 2065 sit
600 2005 605 2082 1
638 2003 679 2064 ad
703 2001 866 2065 Serenum.
905 2024 964 2066 nec
987 2006 1137 2066 iniuriam.
1175 2025 1234 2067 nec
1266 2002 1271 2089 1
1303 2005 1526 2067 contumeliam

302 2114 443 2192 accipere
466 2111 693 2193 sapientem...
716 2107 720 2193 1
740 2112 781 2173 ad
798 2121 951 2173 nouatum
969 2113 1010 2172 de
1026 2112 1070 2174 ira
1085 2111 1154 2174 libri
1170 2111 1212 2174 III
1241 2109 1245 2193 Ι
1272 2111 1312 2172 ad
1323 2111 1474 2173 Marciam
1504 2117 1508 2186 1

301 2221 343 2280 ad
367 2217 545 2280 Gallionem
569 2219 610 2278 de
634 2218 698 2278 uita
719 2216 816 2279 beata
843 2221 847 2283 l
875 2219 916 2278 ad
1050 2220 1090 2278 de
1114 2221 1182 2279 otio
1210 2219 1214 2298 1
1242 2219 1283 2278 ad
1306 2197 1460 2280 Serenum
1488 2219 1527 2279 de

301 2323 525 2407 tranquillitate
548 2324 643 2385 animi
679 2321 683 2404 1
719 2325 760 2384 ad
781 2322 943 2384 Paulinum
968 2324 1010 2385 de
1032 2323 1187 2386 breuitate
1210 2325 1292 2386 uitae
1327 2324 1331 2404 1
1366 2325 1408 2384 ad
1431 2322 1526 2402 Poly-

302 2431 389 2493 bium
411 2430 415 2510 1
436 2432 477 2493 ad
494 2428 641 2490 Helbiam
659 2439 804 2492 matrem.
837 2428 985 2511 Sequitur
1001 2438 1180 2492 atramento
1196 2433 1365 2512 scriptum:
1385 2431 1526 2491 eiusdem
1615 2435 1616 2492 l

300 2535 434 2618 epistola
448 2538 489 2598 ad
507 2536 541 2598 B.
558 2535 696 2598 Paulum.
714 2538 855 2598 eiusdem
867 2535 1078 2618 epitaphium
1098 2538 1213 2599 deinde
1224 2539 1337 2599 iterum
1348 2537 1461 2598 minio:
1482 2539 1525 2598 in·
1615 2519 1616 2564 3

300 2644 375 2725 cipit
392 2643 432 2705 ad
452 2644 526 2710 Luc·
545 2652 576 2704 et
592 2652 650 2705 cet.
681 2643 716 2705 In
739 2642 929 2723 singularum
946 2645 1132 2725 paginarum
1152 2652 1242 2725 parre
1257 2644 1415 2723 superiore
1432 2664 1527 2705 manu

300 2750 414 2812 saeculi
429 2750 528 2832 quinti
545 2750 658 2812 decimi
674 2748 782 2812 titulus
799 2750 868 2810 libri
883 2758 1062 2811 atramento
1072 2753 1205 2830 scriptus
1217 2758 1279 2823 est;
1298 2752 1378 2810 inter
1387 2749 1528 2829 singulos

300 2855 396 2918 libros
412 2855 519 2919 titulus
535 2857 631 2918 minio
648 2857 776 2938 antiqua
792 2877 902 2931 manu;
920 2865 996 2936 post
1013 2856 1174 2936 dialogum
1193 2857 1233 2916 de
1250 2856 1314 2919 uita
1329 2855 1431 2931 beata,
1447 2876 1525 2937 quo-

301 2983 372 3024 cum
396 2963 609 3043 fragmentum
633 2965 675 3024 de
705 2965 772 3025 otio
803 2963 958 3024 artissime
989 2963 1201 3042 coniungitur,
1231 2971 1409 3024 atramento
1433 2943 1528 3022 manu

301 3073 433 3133 recenti:
453 3072 494 3131 de
508 3069 732 3152 tranquillitate
748 3071 850 3131 animi.
882 3071 959 3131 Post
970 3068 1133 3148 dialogum
1144 3070 1186 3131 de
1201 3067 1418 3149 tranquillitate
1434 3069 1528 3128 animi

302 3184 334 3236 et
357 3175 480 3238 titulum
505 3177 545 3237 de
568 3177 724 3238 breuitate
747 3179 830 3238 uitae
853 3197 915 3237 una
930 3177 1046 3258 pagina
1062 3195 1161 3237 uacua
1184 3183 1239 3236 est.
1286 3173 1432 3255 Sequitur
1454 3182 1530 3254 post

303 3281 464 3362 dialogum
487 3284 529 3344 de
552 3284 708 3348 breuitate
731 3285 834 3344 uitae:
861 3284 1014 3364 incipit..
1034 3332 1038 3341 .
1058 3332 1063 3342 .
1090 3285 1130 3343 de
1161 3279 1376 3343 consolatione
1393 3327 1528 3352 .......

302 3389 418 3449 deinde
440 3409 502 3450 una
524 3373 639 3471 pagina
663 3389 712 3450 uel
730 3389 912 3452 oblitterata
928 3389 978 3470 uel
994 3390 1115 3463 abrasa,
1138 3389 1211 3449 item
1234 3407 1368 3467 sequens
1392 3387 1529 3460 dimidia,

301 3504 370 3556 tum
402 3495 497 3556 minio
528 3497 697 3577 scriptume
731 3497 838 3577 incipit
869 3498 910 3575 ad
942 3494 1091 3557 Helbiam
1124 3503 1273 3567 matrem,
1294 3493 1371 3564 ,sed
1402 3493 1529 3574 singulis

302 3602 423 3681 paginis
461 3622 526 3663 non
565 3601 646 3663 ultra
684 3589 812 3683 quidem
851 3623 946 3683 quam
986 3605 1124 3682 septenis
1160 3599 1403 3680 suprascriptum
1435 3619 1530 3658 manu

196 3699 198 3704 ’
303 3708 438 3767 recenti:
466 3710 507 3769 ad
530 3709 680 3770 Lesbiam
705 3717 839 3770 matrem
873 3711 914 3770 de
946 3729 1031 3770 cons.
1077 3709 1111 3769 In
1143 3705 1206 3768 lolii
1229 3704 1416 3785 octogesimi
1448 3705 1530 3766 sexti

284 3807 393 3892 ¹parte
417 3814 559 3876 aduersa,
572 3815 653 3876 duae
677 3814 829 3896 epistulae
852 3815 938 3877 Pauli
963 3836 1058 3877 manu
1081 3814 1199 3876 recenti
1223 3812 1357 3892 scriptae
1380 3820 1470 3885 sunt,
1501 3812 1530 3871 in

304 3928 394 3998 parte
423 3940 535 3982 auersa
566 3930 597 3982 et
621 3920 696 3982 lolio
727 3922 926 4002 octogesimo
958 3924 1096 4001 septimo
1127 3930 1159 3981 et
1183 3919 1383 4002 octogesimo
1415 3927 1531 3979 octauo

305 4024 440 4105 reliquae
470 4026 620 4107 epistulae
651 4037 684 4089 et
718 4028 914 4108 epitaphium
947 4027 1057 4090 litteris
1088 4024 1340 4103 Longobardicis
1372 4031 1532 4096 exaratae,

306 4151 347 4191 ex
367 4152 430 4212 qua
445 4134 616 4214 scripturae
632 4135 812 4196 diuersitate
828 4143 968 4215 apparet,
992 4134 1045 4214 qui
1069 4133 1135 4194 fieri
1154 4131 1300 4214 potuerit,
1324 4139 1359 4190 ut
1391 4128 1460 4190 Itali
1491 4131 1532 4190 ad

305 4237 483 4300 Fesslerum
513 4243 648 4321 primum
672 4241 859 4313 scriberent,
883 4238 1142 4321 Paulilepistulas
1173 4258 1267 4299 manu
1290 4235 1404 4298 saeculi
1434 4237 1533 4317 quinti

307 4344 418 4405 decimi
449 4355 596 4407 exaratas
627 4366 712 4420 esse,
752 4347 867 4408 deinde
896 4348 991 4408 iidem
1023 4349 1262 4418 adseuerarent,
1294 4344 1407 4404 eadem
1435 4351 1533 4423 atque

306 4451 448 4514 codicem
473 4473 567 4515 manu
592 4473 661 4514 esse
684 4455 822 4534 scriptas.
