3212 5318
277 345 356 388 DiAL.
373 346 412 390 xi.
441 347 482 388 AD
498 345 633 388 ustitiam
648 345 779 388 maritali
795 347 834 388 nti
849 345 1091 391 consotnrloua.
1124 351 1141 392 1.
1156 351 1176 391 2.
1273 353 1335 415 247

117 493 170 573 ptis
202 491 405 554 adlocutione
435 511 516 574 opus
547 501 614 556 erat
644 491 763 555 homini
794 493 835 556 ad
866 492 1079 556 consolandos
1103 513 1178 555 suos
1202 515 1243 556 ex
1267 495 1336 574 ipso

116 619 190 679 rogo
223 611 319 681 caput
350 597 527 661 adleuanti?
559 599 663 662 omnis
693 609 800 662 autem
833 601 1019 682 magnitudo
1052 597 1168 662 doloris
1205 600 1335 662 modum

115 705 297 778 excedentis
335 723 463 768 necesse
501 713 550 768 est
590 703 739 768 dilectum
771 705 941 769 uerborum
973 705 1099 786 eripiat,
1138 725 1209 768 cum
1240 722 1336 788 saepe

87 825 222 877 luocem
255 833 384 894 quoque
414 815 516 895 ipsam
548 811 741 876 intercludat.
789 822 958 896 utcumque
974 814 1110 875 ,conitar
1137 833 1201 874 non
1224 811 1337 876 fiducia

113 919 239 998 ingenii,
271 921 329 982 sed
360 920 431 1001 quia
461 940 591 1002 possum
621 920 719 983 instar
750 909 983 983 efficacissimae
1014 919 1236 982 consolationis
1267 939 1335 982 esse
1364 937 1377 976 s

112 1027 175 1108 ipse
206 1026 398 1091 consolator.
444 1027 492 1090 cui
523 1026 597 1090 nihil
627 1045 776 1108 negares,
808 1027 878 1091 huic
908 1026 971 1090 hoc
993 1026 1099 1109 utique
1123 1035 1155 1088 te
1179 1045 1243 1088 non
1266 1045 1336 1088 esse

111 1142 314 1214 negaturam,
345 1133 417 1196 licet
441 1133 543 1196 omnis
567 1153 692 1197 maeror
715 1142 889 1197 contumax
912 1134 960 1209 sit,
983 1153 1093 1214 spero,
1122 1142 1156 1194 ut
1180 1133 1335 1218 desiderio

110 1248 165 1302 tuo
190 1239 265 1303 uelis
289 1261 308 1302 a
332 1259 384 1302 me
407 1241 539 1303 modurn
563 1241 664 1304 statui.
946 1235 951 1250 “

85 1359 91 1408 1
198 1345 235 1410 Il.
268 1345 352 1410 Vide
382 1355 533 1429 quantum
565 1345 605 1409 de
637 1345 830 1428 indulgentia
852 1357 906 1410 tua
929 1345 1126 1428 promiserim
1151 1345 1243 1408 mihi:
1277 1366 1334 1427 po-

110 1454 278 1517 tentiorem
311 1473 363 1516 me
392 1451 529 1516 futurum
561 1455 647 1534 apud
670 1463 703 1516 te
727 1473 790 1516 non
815 1453 926 1516 dubito
949 1473 1044 1535 quam
1068 1452 1212 1515 dolorem
1237 1461 1334 1528 tuum,
1352 1467 1375 1507 ¹⁰

19 1615 21 1638 ,
109 1583 172 1642 quo
196 1559 270 1623 nihil
294 1570 342 1623 est
365 1560 450 1642 apud
474 1559 606 1622 miseros
629 1560 797 1642 potentius
848 1561 953 1642 itaque
983 1580 1023 1621 ne
1053 1561 1159 1623 statim
1191 1579 1263 1621 cum
1294 1579 1333 1621 eo

18 1653 20 1718 Ῐ
108 1687 311 1742 concurram,
343 1667 441 1730 adero
471 1667 556 1748 prius
587 1666 628 1730 illi
659 1677 690 1730 et
718 1666 832 1748 quibus
855 1667 1009 1730 excitetur
1032 1667 1182 1747 ingeram.
1229 1669 1335 1729 omnia

80 1773 267 1856 iproseram
299 1781 332 1836 et
362 1769 554 1848 rescindam,
585 1793 667 1856 quae
697 1774 760 1836 iam
793 1773 934 1836 obducta
963 1782 1044 1836 sunt.
1091 1775 1173 1836 dicet
1204 1773 1330 1854 aliquis:

107 1881 194 1962 quod
226 1881 289 1943 hoc
321 1897 420 1960 genus
449 1889 496 1943 est
520 1880 720 1956 consolandi,
744 1879 911 1944 obliterata
935 1880 1018 1943 mala
1041 1899 1190 1942 reuocare
1214 1889 1246 1942 et
1269 1881 1333 1942 ani·

108 2007 194 2050 mum
235 1989 264 2049 in
296 1985 438 2049 omnium
469 2006 688 2050 aerumnarum
719 2007 846 2049 suarum
878 1996 1049 2068 conspectu
1081 1986 1248 2049 conlocare
1280 1985 1332 2047 uix
1351 2000 1372 2040 u

107 2095 194 2156 unius
217 2095 410 2176 patientem?
438 2095 496 2157 sed
520 2095 544 2156 is
568 2094 703 2175 cogitet,
735 2114 952 2177 quaecumque
975 2113 1073 2175 usque
1097 2114 1136 2155 eo
1159 2093 1334 2172 perniciosa

106 2211 185 2277 sunt,
211 2209 246 2262 ut
270 2209 381 2262 contra
403 2199 575 2263 remedium
600 2201 821 2275 concaluerint,
844 2201 1030 2283 plerumque
1050 2181 1210 2263 contrariis
1226 2199 1333 2263 curari.

106 2309 209 2371 omnis
234 2308 340 2389 itaque
362 2305 463 2369 luctus
487 2305 527 2370 illi
550 2327 632 2384 suos,
657 2309 763 2370 omnia
786 2307 930 2388 lugubria
952 2307 1144 2371 admonebo,
1186 2307 1249 2370 hoc
1277 2307 1334 2371 erit

106 2435 168 2478 non
202 2413 291 2478 molli
320 2417 368 2476 uia
400 2413 534 2490 mederi,
564 2416 622 2478 sed
650 2434 739 2478 urere
762 2435 799 2478 ac
822 2435 937 2478 secare.
982 2415 1057 2496 quid
1081 2417 1275 2496 consequar?
1300 2423 1334 2478 ut
1368 2488 1370 2494 ¹

106 2521 225 2604 pudeat
248 2521 388 2584 animum
411 2529 461 2584 tot
485 2523 678 2584 miseriarum
702 2523 855 2584 uictorem
880 2541 975 2604 aegre
998 2520 1078 2584 serre
1101 2541 1196 2583 unum
1222 2521 1333 2584 uolnus
1347 2533 1373 2574 ἰθ

75 2635 88 2686 3
106 2629 136 2690 in
159 2647 297 2710 corpore
319 2637 386 2690 tam
410 2627 600 2691 cicatricoso
632 2627 727 2691 fleant
743 2628 848 2711 itaque
864 2629 978 2692 diutius
995 2639 1026 2692 et
1042 2613 1332 2710 gemant,'quorum

106 2734 257 2797 delicatas
282 2743 404 2797 mentes
428 2734 587 2797 eneruauit
611 2735 707 2816 longa
730 2733 866 2810 felicitas,
890 2744 921 2797 et
945 2735 985 2796 ad
1009 2734 1236 2797 leuissimarum
1257 2735 1331 2797 iniu-

105 2842 219 2904 riarum
244 2849 350 2903 motus
374 2839 600 2905 conlabantur:
635 2850 667 2904 at
690 2861 825 2923 quorum
850 2860 961 2904 omnes
982 2844 1053 2904 anni
1067 2862 1123 2923 per
1139 2841 1332 2903 calamitates

104 2949 302 3022 transierunt,
327 2939 511 3028 grauissima
533 2969 660 3032 quoque
682 2949 754 3012 lorti
770 2957 803 3012 et
818 2949 958 3012 inmobili
973 2950 1151 3012 constantia
1166 2947 1331 3029 perierant.

105 3075 201 3118 unum
226 3053 324 3116 habet
347 3055 479 3118 adsidua
502 3054 662 3118 infelicitas
685 3056 822 3132 bonum,
858 3056 945 3137 quod
968 3074 1049 3136 qnos
1076 3075 1202 3138 semper
1226 3064 1331 3130 uexat,
1346 3069 1371 3110 u

70 3161 275 3224 lnouissime
298 3162 431 3224 indurat.
476 3161 593 3226 nullam
617 3162 673 3225 tibi
697 3161 820 3226 fortuna
844 3165 1041 3226 uacationem
1066 3163 1171 3238 dedit,
1202 3170 1234 3225 et
1262 3183 1332 3244 gra·

104 3268 237 3331 nissimis
262 3266 396 3331 luctibus
420 3287 460 3332 ne
476 3267 613 3332 natalem
630 3270 758 3352 quidem
774 3279 863 3332 tuum
879 3270 1020 3352 excepit:
1052 3269 1181 3332 amisisti
1197 3279 1331 3332 matrem

102 3375 210 3437 statim
235 3384 326 3450 nata,
358 3375 457 3438 immo
481 3376 557 3438 dum
583 3376 733 3451 nasceris,
765 3377 862 3439 etad
886 3379 982 3438 uitam
1006 3376 1249 3458 quodammodo
1274 3397 1329 3438 ex-

104 3481 208 3562 posita
232 3501 273 3543 es.
322 3482 444 3545 creuisti
467 3483 526 3546 sub
550 3503 694 3546 nouerca.
733 3503 829 3565 quam
853 3493 886 3546 tu
909 3483 1038 3564 quidem
1062 3483 1149 3545 omni
1177 3483 1330 3563 obsequio

103 3595 138 3650 et
160 3590 287 3670 pietate,
311 3598 429 3671 quanta
453 3589 503 3652 uel
527 3589 557 3650 in
580 3588 642 3652 filia
666 3589 785 3671 concipi
808 3598 923 3672 potest,
948 3597 1083 3652 matrem
1107 3587 1173 3652 fieri
1190 3591 1329 3670 coegisti.
1344 3601 1370 3642 ³⁰

102 3691 177 3755 nulli
199 3703 308 3757 tamen
331 3715 396 3758 non
419 3715 538 3778 magno
561 3696 702 3759 constitit
724 3695 819 3759 etiam
842 3695 928 3760 bona
951 3715 1095 3759 nouerca.
1141 3694 1329 3759 auunculum

105 3873 318 3881 ——-..-

806 3989 824 4018 ι.
837 3975 967 4026 magnitudo
978 3975 1064 4016 doloris

103 4029 121 4082 3
147 4031 261 4081 dilectum
287 4027 451 4082 deteriores:
479 4029 576 4082 delectit
685 4030 702 4082 4
727 4038 790 4084 inter
815 4032 897 4082 cludat
916 4037 942 4082 ut
959 4038 1019 4096 cilq;
1041 4031 1190 4101 (suprascr.
1211 4045 1244 4084 m.
1265 4031 1329 4098 rec.)

192 4154 207 4206 5
234 4155 310 4204 instar
328 4153 498 4216 efficacissime
518 4153 541 4220 (r
559 4159 585 4207 et
604 4155 629 4204 ef
645 4154 672 4207 r'n
692 4155 759 4222 ras.)
850 4156 866 4208 o
893 4131 1044 4222 promiserim
1137 4153 1169 4208 10
1194 4160 1250 4221 aput
1270 4153 1330 4220 (tin

104 4243 221 4310 dcorr.)
314 4241 345 4296 11
373 4249 430 4308 aput
449 4241 469 4310 (t
486 4242 513 4296 r'n
528 4243 543 4291 d
557 4243 641 4309 corr.)
741 4243 774 4298 18
799 4247 879 4294 omnis
898 4247 979 4310 itaque
997 4245 1074 4294 luctus
1093 4242 1256 4297 deteriores:
1278 4246 1329 4294 ofni

103 4343 258 4431 itaq31uctu⁸
360 4369 501 4418 admonebo
521 4366 599 4422 dett:
621 4369 763 4419 admonebo
865 4367 899 4422 20
924 4370 1008 4419 uulnus
1110 4367 1144 4421 28
1163 4375 1221 4419 nnta
1240 4369 1328 4420 imodil

105 4452 185 4518 (inter
203 4473 218 4506 a
236 4461 261 4510 ct
274 4457 282 4506 l
295 4471 360 4521 rua,
374 4460 467 4526 potest
483 4455 574 4526 fuisse
592 4457 627 4526 in)
718 4457 752 4510 30
771 4459 869 4524 concipi
888 4455 1042 4512 Bentleius:
1064 4459 1174 4523 conspici
