3184 5318
386 367 535 414 DlAL.Vlll.
564 367 604 410 Ab
621 367 762 410 saeuitum
777 367 818 408 DE
832 365 913 411 O‘l'lO.
940 371 960 411 5.
974 369 994 412 d.
1241 371 1302 436 189

93 527 184 580 seruet
214 527 246 582 et
278 535 377 599 usque
408 518 438 579 in
470 514 619 606 ultimum⁸
638 517 750 579 aetatis
780 513 937 576 humanae
960 515 1127 578 terminum
1150 513 1304 596 procedat

93 626 327 707 necquicquam
351 622 391 687 1111
415 644 456 686 ex
481 643 529 699 eo,
553 623 641 711 quod
664 631 777 686 natura
793 622 962 696 constituit,
985 618 1112 684 fortuna
1126 624 1300 686 concutiat:

65 741 185 796 stamen
207 731 307 794 homo
330 731 372 792 ad
396 727 608 793 inmortalium
632 731 845 810 cognitionem
869 729 959 790 nimis
981 725 1122 790 mortalis
1138 737 1194 790 est.
1225 749 1303 810 ergo

92 839 249 900 secundum
274 846 419 901 naturam
444 839 516 900 uiuo
526 841 538 912 ,'
561 839 586 899 si
609 845 712 900 totum
738 855 790 898 me
813 833 853 897 illi
877 834 960 909 dedi,
983 835 1008 896 si
1030 832 1108 898 illius
1131 834 1304 898 admirator

91 944 239 1027 cultorque
263 965 342 1008 sum.
373 953 485 1008 natura
508 951 615 1007 autem
638 951 806 1026 utrumque
829 939 932 1004 iacere
955 961 1008 1004 rne
1030 940 1137 1018 uoluit,
1161 949 1193 1004 et
1208 959 1329 1023 ageret

90 1061 116 1114 et
141 1051 398 1134 contemplationi
430 1069 550 1115 uacare.
597 1059 765 1132 utrumque
796 1048 892 1124 facio,
923 1051 1073 1132 quoniam
1097 1069 1136 1112 ne
1160 1057 1302 1114 contem-

89 1156 176 1238 platio
198 1160 328 1240 quidem
351 1161 417 1222 sine
441 1161 565 1222 actione
588 1167 645 1222 est.
888 1225 894 1240 ,

66 1277 73 1326 1
166 1265 218 1328 VI.
267 1263 333 1328 Sed
356 1264 465 1340 refert,
502 1267 619 1348 inquis,
652 1284 692 1326 an
716 1264 757 1326 ad
780 1261 864 1326 illam
888 1262 1065 1346 uoluptatis,
1082 1280 1175 1326 causa
1198 1281 1302 1344 acces·

11 1411 12 1416 κ
89 1372 152 1434 serit
181 1371 254 1434 nihil
286 1371 370 1434 aliud
402 1391 443 1434 ex
475 1369 527 1434 illa
549 1381 661 1454 petens
692 1389 787 1452 quam
812 1370 977 1432 adsiduam
1003 1367 1302 1452 contemplationem

88 1479 144 1540 sine
173 1479 266 1542 exitu.
314 1487 362 1542 est
393 1481 476 1542 enim
509 1479 609 1540 dulcis
638 1487 670 1542 et
693 1475 790 1541 habet
813 1475 986 1540 inlecebras
1016 1495 1097 1539 suas.
1151 1477 1302 1540 aduersus
1318 1489 1342 1532 ¹⁰
1378 1462 1381 1468 ¹

88 1583 140 1647 hoc
163 1584 218 1647 tibi
240 1587 439 1668 respondeo:
467 1603 568 1668 aeque
592 1580 702 1660 refert,
733 1603 798 1666 quo
821 1584 927 1646 animo
952 1582 1072 1646 ciuilem
1096 1603 1173 1665 agas
1196 1584 1302 1660 uitam,

11 1699 13 1728 ³
88 1709 119 1752 an
147 1711 271 1775 semper
301 1692 455 1774 inquietus
485 1691 527 1754 sis
557 1711 616 1754 nee
639 1711 789 1773 umquam
813 1711 920 1754 sumas
945 1689 1040 1753 ullum
1064 1700 1206 1772 tempus,
1237 1711 1302 1773 quo

63 1799 122 1863 tab
149 1799 292 1862 humanis
320 1799 361 1862 ad
385 1799 490 1861 diuina
512 1799 667 1882 respicias.
713 1799 879 1880 quomodo
903 1817 952 1860 res
976 1797 1127 1880 adpetere
1149 1785 1302 1862 sine'ullo

89 1906 222 1969 uirtutum
247 1925 356 1970 amore
380 1913 411 1968 et
434 1909 500 1968 sine
523 1904 608 1968 cultu
632 1905 735 1986 ingeni
759 1925 796 1968 ac
818 1905 919 1968 nudas
935 1905 1029 1967 edere
1045 1923 1158 1988 operas
1174 1905 1302 1968 minime

88 2011 239 2094 probabile
270 2021 334 2088 est,
366 2012 486 2076 misceri
517 2012 600 2074 enirn
632 2013 691 2076 ista
721 2013 801 2075 inter
831 2031 866 2074 se
897 2021 929 2074 et
953 2013 1073 2074 conseri
1098 2010 1231 2074 debent:
1257 2012 1302 2073 sic
1318 2026 1342 2067 u

88 2119 278 2200 inperfectum
311 2139 348 2182 ac
378 2118 561 2202 languidum
585 2119 705 2182 bonum
731 2127 779 2182 est
802 2119 832 2180 in
855 2119 955 2182 otium
979 2119 1045 2181 sine
1067 2127 1139 2181 actu
1161 2119 1302 2200 proiecta

63 2239 74 2286 1
88 2227 187 2302 uirtus,
217 2246 390 2308 numquam
421 2227 470 2302 id,
502 2227 589 2308 quod
613 2225 735 2301 didicit,
763 2226 942 2290 ostendens.
990 2227 1059 2307 quis
1089 2234 1186 2306 negat
1215 2223 1299 2286 illam

88 2333 191 2396 debere
214 2333 373 2416 proiectus
397 2353 471 2396 suos
494 2333 524 2394 in
548 2351 645 2414 opere
668 2335 844 2416 temptare?
869 2353 927 2396 nec
949 2341 1073 2395 tantum
1095 2333 1171 2414 quid
1186 2331 1299 2394 facien·

89 2441 153 2502 dum
182 2441 236 2516 sit,
268 2441 424 2523 cogitare,
455 2431 529 2502 sed·
544 2441 639 2504 etiam
671 2438 838 2521 aliquando
873 2459 1001 2502 manum
1025 2459 1175 2502 exercere
1198 2449 1230 2502 et
1254 2459 1299 2515 ea,

88 2567 157 2627 quae
185 2548 336 2610 meditata
367 2556 455 2624 sunt,
487 2546 526 2608 ad
550 2565 658 2610 uerum
683 2547 876 2628 perducere?
909 2545 1022 2628 quodsi
1046 2565 1102 2628 per
1124 2547 1298 2630 ipsumsa-
1314 2561 1339 2603 ²⁰
1367 2549 1369 2558 ’

89 2654 211 2734 pientem
243 2675 306 2717 non
339 2662 388 2718 est
418 2674 524 2729 mora,
556 2654 580 2717 si
604 2673 667 2716 non
691 2661 780 2716 actor
803 2653 908 2728 deest,
937 2656 994 2716 sed
1018 2655 1143 2734 agenda
1166 2654 1295 2716 desunt:

63 2763 186 2841 iecquid
216 2761 257 2824 illi
288 2781 394 2824 secum
427 2781 495 2824 esse
525 2761 709 2844 permittes?
741 2780 805 2841 quo
836 2760 941 2822 animo
973 2761 1013 2822 ad
1045 2760 1144 2823 otium
1175 2761 1299 2842 sapiens

90 2869 213 2931 secedit?
244 2879 278 2931 ut
308 2869 386 2932 sciat
416 2887 450 2930 se
481 2878 549 2932 tum
580 2887 709 2950 quoque
732 2885 770 2930 ea
793 2875 951 2942 acturum,
981 2887 1038 2948 per
1060 2885 1142 2948 quae
1164 2867 1299 2948 posteris

90 2976 181 3053 prosit.
227 2996 286 3039 nos
314 2985 401 3039 certe
424 2995 532 3038 sumus
555 2976 607 3057 qui
632 2975 762 3037 dicimus
787 2982 818 3036 et
842 2974 1004 3036 Zenonem
1028 2982 1061 3036 et
1085 2971 1298 3056 Chrysippum

91 3081 195 3144 maiora
226 3083 343 3164 egisse,
375 3103 471 3164 quam
503 3083 528 3144 si
558 3083 724 3146 duxissent
754 3081 926 3157 exercituS,
959 3080 1128 3162 gessissent
1151 3079 1299 3157 honores,
1313 3097 1339 3138 11

90 3183 163 3268 leges
194 3189 351 3262 tulissent:
385 3209 463 3272 quas
494 3209 558 3252 non
589 3189 641 3252 uni
671 3189 802 3263 ciuitati,
840 3190 899 3250 sed
930 3189 990 3250 toti
1020 3187 1160 3252 humano
1191 3188 1299 3270 generi

91 3294 217 3358 tulerunt.
250 3297 325 3379 quid
349 3304 397 3360 est
420 3317 507 3380 ergo,
530 3316 627 3378 quare
650 3295 713 3360 tale
736 3297 836 3358 otium
854 3315 919 3358 non
935 3296 1102 3358 conueniat
1119 3295 1185 3358 uiro
1201 3295 1298 3371 bono,

91 3421 135 3480 per
155 3405 241 3484 quod
264 3401 368 3466 sutura
390 3401 515 3468 saecula
538 3403 663 3466 ordinet
687 3423 745 3464 nec
768 3403 854 3483 apud
877 3421 995 3485 paucos
1011 3403 1217 3477 condonetur,
1240 3402 1297 3463 sed

91 3511 162 3587 apud
184 3529 294 3574 omnes
317 3511 459 3574 omnium
483 3512 625 3592 gentium
649 3509 802 3586 homines
825 3510 941 3592 quique
963 3519 1035 3572 sunt
1055 3508 1170 3592 quique
1186 3511 1296 3572 erunt?
1381 3551 1387 3564 .

63 3622 75 3670 :t
92 3615 125 3675 ad
152 3637 305 3681 summam
336 3637 470 3700 quaero,
502 3637 542 3680 an
565 3639 607 3680 ex
631 3617 806 3700 praeceptis
829 3617 892 3679 suis
916 3617 1051 3679 uixerint
1074 3615 1242 3679 Cleanthes
1265 3623 1298 3678 et
1312 3633 1338 3672 ao

94 3947 102 3996 1
127 3957 147 4000 et
163 3967 233 4018 usque
252 3951 307 4008 Etr
329 3955 406 4019 eiusq;
515 3954 644 4004 terminum
664 3950 731 4006 det:
754 3954 884 4012 terminet,
972 3954 988 4006 3
1014 3954 1190 4004 immortalium

95 4033 107 4084 9
127 4039 184 4090 aliud
207 4043 233 4108 (d
251 4043 333 4110 corr.)
426 4042 459 4095 ¹1⁴2
483 4059 528 4092 nec
547 4058 652 4108 unquam
666 4038 746 4102 dam:
767 4058 811 4092 nec
825 4041 922 4108 tiques
1009 4041 1040 4094 13
1055 4037 1297 4112 1111111111(1άεὶθ1α)

171 4129 198 4182 14
216 4133 299 4198 nudas!
311 4133 384 4184 eriere
403 4147 491 4196 operas
505 4129 588 4198 (duae
600 4149 611 4180 s
623 4131 649 4184 111
664 4135 732 4192 ras.)
815 4131 846 4184 ld
866 4131 1034 4197 imperfectum
1055 4129 1133 4185 dett:
1155 4133 1215 4182 inter
1234 4131 1299 4183 leciri

170 4217 199 4271 17
222 4221 289 4272 illam
315 4221 405 4272 debere
430 4217 527 4290 uulgo:
557 4221 601 4272 illa
622 4221 712 4270 debere
737 4220 782 4272 11111
883 4219 918 4273 20
941 4221 1028 4286 quodsi
1047 4217 1170 4288 lipsius:
1196 4221 1254 4286 quid
1277 4223 1298 4272 si

169 4306 199 4360 27
223 4310 274 4360 uiro
294 4311 362 4359 bono
381 4307 450 4372 cod„
475 4311 543 4360 hono
562 4310 615 4358 uiro
634 4307 717 4379 urtho
825 4309 858 4362 28
885 4310 963 4360 lutura
981 4309 1078 4358 saecule
1097 4306 1195 4378 uulgo:
1221 4309 1296 4372 future

94 4391 149 4442 secla
230 4405 287 4464 aput
377 4399 529 4474 contionatur
545 4413 613 4452 raro
625 4395 753 4468 exemplo
837 4398 871 4450 29
890 4405 948 4464 aput
1031 4396 1296 4468 11011111111111111119.

95 4483 151 4533 1112
167 4501 203 4550 qq.
222 4487 283 4556 1111111)
