3212 5318
269 349 331 410 234
490 345 569 388 DillL.
581 345 609 387 Χ,
638 345 679 386 ΑΒ
695 345 849 386 PAVLINVM
867 345 905 386 DE
921 345 1090 386 BREVITATE
1103 345 1202 388 viTAn.
1234 346 1264 387 ta.

268 493 449 563 mittuntur,
473 493 549 552 dum
574 492 767 572 decerpitur,
791 493 816 553 si
839 490 912 572 quid
936 494 1084 572 proxima
1107 501 1202 554 nocte
1224 493 1390 564 succreuit,
1415 493 1496 552 dum

266 597 307 658 de
330 596 457 678 singulis
480 596 597 677 capillis
620 598 650 658 in
674 597 836 660 consilium
860 599 933 672 itur,
958 600 1032 660 dum
1057 608 1111 659 aut
1134 601 1264 660 disiecta
1288 619 1381 659 coma
1404 598 1493 658 resti-

266 705 362 768 tuitur
384 713 439 766 aut
462 703 609 766 deficiens
632 705 705 766 hinc
727 714 822 786 atque
845 705 927 766 illinc
950 705 980 768 in
1004 705 1140 766 frontem
1165 705 1372 786 conpellitur?
1412 693 1495 784 quo-

268 811 366 872 modo
391 813 572 884 irascuntur,
595 812 621 872 si
644 821 755 872 tonsor
776 811 872 892 paulo
889 810 1108 892 neglegentior
1124 811 1187 888 fuit,
1211 822 1374 892 tamquam
1390 811 1497 872 uirum

227 933 239 972 ⁵
267 918 435 979 tonderet?
474 919 640 997 quomodo
672 919 925 993 excandescunt,
956 921 980 981 si
1011 919 1086 1000 quid
1110 939 1152 980 ex
1175 917 1248 980 iuba
1270 939 1328 980 sua
1351 919 1497 980 decisum

267 1032 323 1098 est,
347 1025 371 1085 si
395 1025 471 1105 quid
494 1033 586 1086 extra
610 1025 753 1087 ordinem
778 1025 879 1097 iacuit,
904 1026 959 1087 nisi
980 1025 1088 1086 omnia
1109 1026 1139 1086 in
1155 1023 1266 1086 anulos
1282 1045 1356 1086 suos
1372 1025 1495 1086 recide-

267 1135 358 1193 runt?
397 1131 465 1211 quis
495 1141 543 1194 est
574 1133 704 1194 istorum
729 1133 780 1213 qui
804 1152 868 1194 non
893 1131 979 1194 malit
1003 1131 1234 1215 rempublicam·
1255 1132 1372 1193 turbari
1395 1153 1503 1214 quam-
1594 1177 1595 1190 ,

194 1241 199 1249 ’
267 1257 394 1300 comam
426 1243 536 1300 suam?
574 1240 626 1320 qui
657 1259 721 1302 non
745 1238 905 1300 sollicitior
927 1239 966 1300 sit
990 1241 1032 1301 de
1055 1239 1165 1320 capitis
1188 1240 1233 1300 sui
1257 1240 1372 1300 decore
1394 1259 1496 1318 quam

267 1343 307 1405 de
330 1344 451 1406 salute?
491 1347 544 1428 qui
567 1366 630 1406 non
654 1347 812 1426 comptior
835 1366 904 1407 esse
929 1345 1016 1407 malit
1039 1366 1134 1426 quam
1159 1345 1339 1408 honestior?
1375 1344 1435 1405 hos
1460 1353 1497 1404 tu

230 1465 253 1504 1⁰
266 1451 388 1540 otiosos
418 1472 514 1514 uocas
545 1453 625 1515 inter
654 1454 812 1533 pectinem
844 1452 1069 1533 speculumque
1100 1456 1293 1534 occupatos?
1331 1451 1406 1532 quid
1431 1451 1525 1519 illi?i

267 1558 374 1636 quiin
399 1560 624 1639 conponendis
648 1560 819 1632 audiendis,
844 1560 999 1622 discendis
1023 1560 1150 1622 canticis
1173 1558 1296 1640 operati
1311 1567 1391 1630 sunt,
1416 1558 1494 1620 dum

267 1684 389 1740 uocem,
414 1667 498 1727 cuius
522 1675 641 1756 rectum
666 1687 789 1728 cursum
814 1675 925 1728 natura
949 1676 981 1727 et
1004 1669 1160 1747 optimum
1182 1677 1215 1727 et
1230 1664 1494 1746 simplicissimum

267 1770 355 1844 iecit,
392 1772 510 1834 inflexu
547 1773 769 1835 modulationis
800 1773 1005 1835 inertissimae
1036 1780 1202 1853 torquent,
1238 1791 1373 1852 quorum
1405 1771 1494 1850 digiti

268 1878 395 1959 aliquod
424 1880 505 1941 intra
528 1900 562 1941 se
586 1899 712 1941 carmen
737 1880 903 1942 metientes
926 1899 1054 1960 semper
1076 1889 1207 1953 sonant,
1239 1898 1391 1959 quorum,
1423 1898 1494 1940 cum

231 1997 253 2036 ¹⁵
267 1986 309 2047 ad
341 2006 390 2046 res
421 1986 532 2061 serias
564 1987 657 2048 etiam
688 2007 782 2068 saepe
805 1987 909 2048 tristes
933 1985 1065 2048 adhibiti
1090 1995 1177 2059 sunt,
1209 1985 1376 2046 exauditur
1399 1986 1495 2047 tacita

269 2092 462 2155 modulatio:
497 2113 561 2154 non
585 2091 703 2154 habent
726 2093 775 2154 isti
799 2093 915 2167 otium,
943 2094 1002 2167 ,sed
1026 2093 1108 2154 iners
1132 2093 1304 2171 negotium.
1352 2092 1524 2157 conuiuiai

268 2220 320 2261 me
351 2198 493 2262 hercules
525 2199 639 2261 horum
671 2219 733 2261 non
765 2199 924 2280 posuerim
956 2200 1036 2260 inter
1059 2199 1203 2260 uacantia
1226 2208 1390 2276 tempora,
1423 2218 1493 2259 cum

269 2307 410 2380 uideam,
434 2327 530 2386 quam
554 2307 676 2410 solliciti
700 2315 866 2387 argentum
891 2307 1053 2380 ordinent,
1076 2326 1171 2386 quam
1197 2305 1362 2384 diligenter
1386 2304 1492 2366 exole-

269 2421 373 2474 torum
406 2433 533 2474 suorum
563 2414 682 2475 tunicas
705 2415 904 2493 succingant,
935 2433 1032 2493 quam
1056 2412 1196 2493 suspensi
1220 2413 1296 2485 sint,
1328 2412 1493 2492 quomodo

228 2529 254 2569 ‘2⁰
269 2539 345 2600 aper
368 2541 387 2581 a
410 2540 490 2581 coco
514 2530 622 2595 exeat,
650 2541 713 2600 qua
736 2520 894 2582 celeritate
917 2520 1009 2600 signo
1034 2521 1110 2586 dato
1135 2518 1234 2598 glabri
1257 2520 1298 2580 ad
1323 2517 1494 2580 ministeria

270 2627 459 2701 discurrant,
495 2634 614 2707 quanta
644 2635 712 2688 arte
743 2627 924 2688 scindantur
954 2645 1029 2688 aues
1060 2627 1090 2686 in
1121 2623 1220 2686 frusta
1249 2644 1314 2686 non
1345 2625 1494 2698 enormia,

269 2753 363 2814 quam
396 2735 517 2795 curiose
541 2733 677 2796 infelices
701 2733 819 2816 pueruli
843 2733 1002 2794 ebriorum
1025 2741 1119 2813 sputa
1143 2733 1348 2811 detergeant:
1385 2752 1427 2793 ex
1449 2731 1493 2792 his

235 2878 242 2893 ι
269 2840 445 2921 elegantiae
475 2840 675 2921 lautitiaeque
704 2839 788 2920 fama
812 2849 957 2920 captatur
980 2848 1012 2900 et
1036 2859 1135 2920 usque
1158 2859 1197 2899 eo
1222 2841 1253 2900 in
1276 2858 1390 2900 omnes
1414 2839 1492 2899 uitae

269 2967 411 3009 secessus
435 2946 518 3009 mala
542 2967 598 3010 sua
615 2947 689 3008 'illos
712 2957 865 3025 secuntur,
890 2954 924 3008 ut
947 2967 1006 3007 nec
1029 2945 1140 3007 bibant
1161 2946 1227 3006 sine
1247 2944 1422 3008 ambitione
1437 2963 1491 3004 nec

230 3067 255 3104 '2⁵
272 3055 375 3115 edant.
423 3073 463 3114 ne
487 3054 554 3115 illos
578 3055 705 3135 quidem
730 3054 809 3115 inter
832 3055 954 3116 otiosos
977 3037 1216 3126 numerauerim,
1241 3052 1293 3133 qui
1316 3051 1392 3114 sella
1414 3071 1447 3112 se
1462 3057 1490 3110 et
1508 3063 1523 3112 t

271 3159 379 3222 lectica
403 3159 463 3221 huc
487 3169 519 3223 et
543 3160 613 3222 illuc
633 3159 735 3222 ierunt
751 3171 783 3222 et
799 3161 840 3222 ad
856 3163 1070 3241 gestationum
1087 3179 1222 3233 suarum,
1246 3159 1336 3238 quasi
1353 3159 1491 3220 deserere

276 3496 285 3546 l
313 3497 432 3544 succreuit
450 3494 548 3564 uulgo:
570 3497 719 3546 subcrescit
809 3497 825 3548 2
850 3471 962 3579 ἀὶεέεοὶα
1052 3496 1181 3544 restituitur
1205 3493 1244 3559 (ἐκ
1263 3509 1349 3564 marg.
1369 3509 1402 3545 m.
1421 3494 1490 3543 221st

273 3602 388 3650 deficiens
411 3603 469 3651 hinc
493 3614 542 3666 atq.
563 3604 629 3652 illinc
648 3610 658 3654 i
679 3603 760 3654 fronte
785 3603 927 3668 ct'ipellitur)
1057 3601 1070 3652 i
1094 3618 1144 3650 rem
1169 3602 1294 3664 publicam
1315 3601 1405 3650 turbari
1422 3613 1489 3663 quam

273 3707 372 3740 comam
391 3707 459 3740 suam
479 3688 618 3744 Muretus:
646 3693 676 3743 R.
697 3695 726 3742 P.
744 3708 813 3740 suam
833 3693 927 3740 turbari
945 3708 1018 3756 quam
1039 3707 1137 3740 comam
1247 3689 1262 3741 9
1288 3691 1393 3739 comtior

279 3777 307 3829 10
321 3779 356 3826 illi
369 3780 410 3843 qui
425 3778 525 3848 Neap:
548 3780 582 3828 illi
591 3797 606 3828 a
681 3781 710 3832 ll
727 3782 904 3844 componendis
987 3780 1109 3830 discendis
1123 3776 1181 3830 cod.
1196 3784 1221 3830 el
1233 3785 1340 3831 steteras
1352 3775 1487 3830 editiones}

274 3868 384 3917 dicendis
397 3865 480 3936 Br'p.¹‚
500 3865 620 3928 Fickert,
636 3865 729 3921 Haase
821 3868 852 3920 ’13
878 3871 902 3917 in
921 3870 1008 3918 flexus
1098 3866 1130 3918 vlsi
1155 3869 1266 3916 intrase*
1358 3866 1490 3916 metientes

274 4009 300 4073 (n
320 4009 346 4059 iri
366 4011 433 4076 ras.)
529 4009 558 4060 iti
587 3967 691 4058 conuiula
781 4009 815 4062 20
834 4027 882 4074 qua
896 4012 1018 4076 celeritate
1031 4025 1101 4062 unus
1114 4007 1294 4062 deteriorum:
1315 4012 1365 4072 qua
1378 4008 1490 4057 celeritate

274 4095 335 4153 cod,
353 4105 443 4162 quanta
462 4099 507 4148 cel.
528 4094 609 4164 uulgo
699 4098 730 4149 21
751 4099 777 4146 in
795 4099 868 4147 frusta
888 4099 967 4152 dett:
990 4099 1103 4147 infrustra
1194 4097 1227 4149 22
1247 4098 1398 4160 detergeant.
1416 4112 1442 4144 ex
1457 4093 1490 4140 his

274 4186 323 4250 (his
342 4185 369 4237 in
388 4185 455 4250 rat.)
547 4185 580 4236 23
607 4186 727 4249 elegantie
823 4187 855 4237 ‘24
882 4204 927 4236 nec
947 4188 1020 4236 edant
1039 4185 1120 4240 dett:
1141 4203 1171 4236 ne
1190 4187 1272 4235 edant.
1364 4184 1396 4236 25
1419 4184 1442 4230 in
1460 4189 1489 4228 les

274 4277 291 4324 st
309 4275 334 4322 bi
354 4274 430 4324 tiosos
450 4275 503 4338 (abi
523 4274 550 4324 r'n
566 4273 621 4339 fine
641 4289 745 4336 ueram,
765 4274 840 4328 initio
859 4272 972 4329 atterius
984 4293 999 4324 0
1013 4273 1118 4337 addita,
1137 4273 1188 4326 sed
1200 4272 1300 4340 deleta)
1389 4285 1488 4322 numera·

275 4363 350 4411 uerim
371 4359 447 4415 Koch
467 4361 506 4426 (ut
524 4368 604 4414 arrico
620 4364 649 4413 17
670 4365 801 4426 posuerim,
818 4369 881 4432 post
896 4367 984 4426 235,8
1005 4366 1107 4414 dixerim
1125 4361 1236 4428 ltaberl:
1257 4363 1420 4411 numeraberis
1437 4353 1487 4409 rod.

275 4455 439 4502 numeraueris
458 4450 540 4520 vraiqo
632 4451 691 4500 sella
710 4468 743 4502 se.
763 4461 785 4500 et
804 4452 903 4501 lecticas
923 4453 965 4518 (se.
986 4461 1009 4502 et
1028 4458 1053 4506 et
1072 4469 1083 4501 s
1099 4457 1165 4520 post
1184 4469 1199 4500 a
1217 4451 1245 4504 tit
1264 4451 1332 4516 rat.)
