3212 5318
304 339 367 401 270
449 335 529 378 DIAL.
544 335 584 380 Xl.
613 337 654 378 nb
671 337 806 378 HELVIAM
822 337 953 378 MATREM
970 337 1009 378 DE
1024 335 1267 380 CONSOLATIONE.
1297 337 1329 378 19.
1342 337 1374 377 20.

303 482 434 550 rnaritus
457 481 522 546 eius
545 483 688 565 optinuit,
712 503 885 564 numquam
908 483 938 546 in
958 481 1086 566 publico
1102 491 1274 564 conspecta
1288 489 1343 555 est,
1365 480 1507 542 neminem

301 589 524 669 prouincialem
550 591 683 653 domurn
706 611 795 653 suam
820 591 962 666 admisit,
994 590 1068 654 nihil
1091 612 1110 653 a
1133 591 1199 652 uiro
1223 589 1329 670 petiit,
1352 585 1422 650 nihil
1443 607 1460 648 a
1479 607 1510 648 se

301 698 365 776 peti
400 715 494 778 passa
530 706 586 759 est.
648 698 753 778 itaque
785 696 903 778 loquax
934 707 966 760 et
997 698 1027 760 in
1058 697 1264 764 contumelias
1294 694 1510 777 praefectorum

302 803 464 882 ingeniosa
494 799 670 885 prouincia,
709 805 740 866 in
769 824 832 884 qua
863 805 959 866 etiam
990 807 1042 886 qui
1074 785 1251 868 uitauerunt
1282 802 1420 884 culpam,
1454 820 1511 862 non

275 908 478 987 seffugerunt
509 909 685 984 infamiam,
718 909 803 972 uelut
832 911 956 973 unicum
980 911 1153 974 sanctitatis
1176 908 1359 991 exemplum
1382 909 1513 988 suspexit

302 1025 351 1090 et,
381 1017 470 1095 quod
501 1014 541 1078 illi
573 1014 789 1078 difficillimum
813 1026 877 1093 est,
909 1017 958 1078 cui
981 1017 1077 1080 etiam
1100 1017 1265 1097 periculosi
1288 1014 1369 1078 sales
1391 1013 1514 1096 placent,

302 1141 432 1182 omnem
456 1121 627 1184 uerborum
651 1122 807 1184 licentiam
832 1124 986 1186 continuit
1009 1132 1041 1186 et
1064 1123 1159 1186 hodie
1182 1122 1316 1185 similem
1339 1120 1394 1194 illi,
1415 1140 1515 1200 quam-

301 1227 347 1288 uis
370 1248 544 1309 numquam
568 1239 682 1313 speret,
706 1244 833 1311 semper
856 1239 956 1312 optat.
1004 1230 1138 1294 multum
1162 1238 1238 1303 erat,
1262 1229 1286 1290 si
1309 1249 1367 1310 per
1389 1227 1516 1290 sedecim

301 1355 402 1398 annos
431 1335 513 1397 illam
538 1337 698 1416 prouincia
721 1337 906 1416 probasset:
942 1337 1012 1418 plus
1036 1347 1099 1410 est,
1127 1337 1216 1417 quod
1238 1335 1404 1415 ignorauit.
1448 1334 1545 1398 haec?

263 1459 286 1500 n
301 1463 365 1504 non
389 1441 459 1503 ideo
484 1440 603 1516 refero,
634 1450 668 1504 ut
690 1441 800 1504 laudes
824 1444 888 1504 eius
912 1463 1067 1524 exequar,
1098 1463 1177 1524 quas
1200 1442 1453 1506 circumscribere
1473 1447 1516 1502 est

301 1559 367 1611 tam
389 1568 484 1630 parce
499 1557 719 1624 transcurrere,
743 1551 801 1612 sed
816 1558 851 1611 ut
867 1549 1030 1630 intellegas
1048 1551 1154 1632 magni
1170 1551 1266 1612 animi
1283 1569 1353 1612 esse
1369 1548 1516 1618 feminam,

301 1675 396 1737 quam
420 1675 484 1716 non
508 1656 650 1731 ambitio,
674 1676 738 1718 non
761 1656 898 1730 auaritia,
922 1658 1054 1720 comites
1070 1658 1172 1719 omnis
1188 1657 1349 1738 potentiae
1365 1664 1398 1718 et
1411 1661 1517 1736 pestes,

293 1763 457 1852 uicerunt,
489 1782 553 1823 non
577 1771 681 1824 metus
704 1764 815 1825 mortis
838 1764 900 1826 iarn
924 1757 1089 1826 exarmata
1112 1783 1193 1824 naue
1216 1761 1412 1842 naufragium
1433 1779 1515 1822 suum

301 1877 500 1950 spectantem
516 1867 674 1944 deterruit,
691 1889 755 1950 quo
771 1870 873 1930 minus
889 1871 1027 1932 exanimi
1043 1873 1110 1932 uiro
1127 1870 1261 1933 haerens
1277 1889 1341 1931 non
1355 1875 1517 1950 quaereret,

263 1994 286 2032 rs
301 1977 574 2056 quemadmodum
591 1976 663 2038 inde
680 1977 790 2050 exiret,
806 1978 864 2038 sed
880 1978 1153 2058 quemadmodum
1170 1977 1303 2038 efferret.
1332 1975 1402 2036 huic
1417 1992 1516 2056 parem

301 2084 450 2146 uirtutem
476 2080 629 2144 exhibeas
653 2091 782 2163 oportet
805 2093 838 2144 et
861 2084 999 2146 animum
1025 2105 1044 2145 a
1067 2083 1152 2152 luctu
1177 2083 1308 2162 recipias
1331 2091 1363 2144 et
1386 2083 1417 2142 id
1440 2100 1517 2160 agas,
1600 2153 1601 2166 χ

301 2209 340 2250 ne
364 2191 433 2270 quis
457 2198 489 2250 te
512 2198 603 2270 putet
626 2199 734 2270 partus
758 2190 803 2252 tui
826 2191 994 2270 paenitere.

324 2345 329 2356 .
393 2295 465 2357 XX.
495 2294 644 2357 Ceterum
666 2298 739 2376 quia
754 2316 884 2358 necesse
900 2307 956 2371 est,
972 2316 1044 2358 curn
1060 2297 1168 2358 omnia
1183 2295 1301 2370 feceris,
1319 2293 1518 2375 cogitationes
1538 2303 1545 2352 l

302 2410 410 2464 tamen
433 2411 504 2464 tuas
527 2402 661 2464 subinde
683 2404 724 2465 ad
741 2423 793 2464 me
809 2423 967 2464 recurrere
983 2423 1043 2464 nec
1057 2422 1251 2484 quemquam
1268 2421 1351 2462 nunc
1367 2421 1409 2464 ex
1423 2399 1520 2462 liberis
1600 2457 1601 2462 ,

263 2523 289 2566 no
303 2509 364 2572 tuis
395 2507 585 2590 frequentius
609 2508 665 2571 tibi
689 2509 864 2584 obuersari,
896 2529 959 2571 non
982 2510 1056 2592 quia
1078 2507 1118 2571 illi
1143 2510 1244 2570 minus
1268 2508 1331 2572 cari
1355 2516 1441 2582 sunt,
1468 2505 1519 2566 sed

303 2615 375 2695 quia
398 2614 538 2677 naturale
555 2625 603 2678 est
619 2635 748 2677 manum
763 2617 887 2698 saepius
903 2617 945 2678 ad
961 2617 992 2678 id
1009 2615 1132 2690 referre,
1156 2617 1246 2697 quod
1264 2613 1380 2688 doleat,
1404 2609 1519 2693 qualern

303 2741 355 2782 me
386 2723 507 2802 cogites
531 2722 656 2803 accipe:
692 2722 811 2784 laetum
835 2733 866 2782 et
890 2723 1025 2785 alacrem
1050 2721 1134 2784 uelut
1159 2722 1288 2802 optimis
1311 2719 1412 2782 rebus.
1456 2725 1521 2779 sunt

303 2829 386 2888 enim
411 2829 560 2906 optimae,
582 2829 732 2908 quoniam
754 2829 875 2890 animus
898 2829 999 2890 omnis
1016 2829 1233 2909 occupationis
1250 2847 1366 2908 expers
1383 2823 1522 2908 ¹operibus

303 2934 366 2994 suis
396 2942 487 2994 uacat
516 2942 547 2996 et
571 2934 670 2995 modo
693 2954 728 2994 se
752 2933 920 2996 leuioribus
943 2934 1053 2997 studiis
1070 2934 1234 3008 oblectat,
1267 2935 1368 2996 modo
1391 2933 1433 2994 ad
1455 2949 1521 2992 con-

263 3055 289 3095 π
304 3041 503 3101 siderandam
527 3060 617 3102 suarn
642 3042 840 3121 uniuersique
863 3051 1006 3104 naturam
1031 3042 1104 3128 ueri·
1119 3041 1230 3102 auidus
1251 3040 1401 3118 insurgit:
1432 3041 1549 3098 terras?

304 3145 440 3226 primum
473 3149 630 3228 situmque
661 3167 767 3210 earum
799 3149 928 3228 quaerit.
975 3148 1088 3210 deinde
1112 3148 1331 3210 condicionem
1356 3142 1524 3208 circumfusi
1599 3143 1600 3186 ἰ

305 3252 399 3312 maris
415 3272 585 3334 cursusque
601 3254 664 3314 eius
683 3254 820 3316 alternos
836 3264 868 3316 et
884 3274 1033 3316 recursus,
1057 3262 1133 3316 tunc
1149 3254 1303 3335 quidquid
1318 3254 1400 3314 inter
1412 3248 1524 3313 caelum

305 3367 465 3440 terrasque
481 3359 609 3440 plenum
627 3359 799 3422 formidinis
816 3361 977 3422 interiacet
993 3361 1140 3442 perspicit
1156 3369 1189 3422 et
1204 3359 1269 3421 hoc
1284 3358 1459 3430 tonitribus,
1474 3352 1523 3416 ful-

307 3465 624 3540 minibus‚uentorum
638 3465 763 3528 flatibus
776 3486 813 3527 ac
826 3466 1005 3530 nimborum
1020 3469 1162 3548 niuisque
1175 3476 1208 3528 et
1218 3461 1380 3546 grandinis
1394 3465 1473 3526 iactu
1482 3473 1523 3522 tu·

265 3587 291 3628 sn
309 3569 500 3634 multuosum
517 3574 662 3654 spatium.
686 3580 754 3634 tum
769 3575 942 3652 peragratis
959 3572 1174 3636 humilioribus
1191 3573 1232 3634 ad
1248 3575 1376 3633 summa
1389 3587 1522 3652 prorum-

293 3676 351 3756 ,pit
375 3686 408 3738 et
430 3677 640 3758 pulcherrimo
657 3679 834 3740 diuinorum
850 3679 1031 3759 spectaculo
1048 3678 1164 3754 fruitur,
1185 3678 1444 3757 aeternitatisque
1459 3691 1524 3736 suae

306 3801 430 3844 memor
453 3784 484 3843 in
507 3803 616 3858 omne,
639 3785 726 3865 quod
750 3783 805 3846 fuit
828 3782 1029 3864 futurumque
1045 3795 1094 3848 est
1110 3784 1257 3848 omnibus
1273 3784 1416 3858 saeculis,
1440 3780 1524 3843 uadit

308 3941 413 4002 ‘lpetiit
433 3940 511 3992 dere:
533 3943 601 4004 petit.
692 3939 708 3991 3
732 3942 911 4006 praefectorum
932 3939 1093 3997 deteriores:
1113 3944 1225 4007 pfectoit
1258 3937 1261 3940 ¹
1316 3941 1332 3995 6
1356 3941 1483 4008 'periculosi
1500 3936 1524 4000 (si

1597 2697 1600 2730 i

308 4027 415 4109 ireres.)
494 4029 607 4080 &le.
690 4029 720 4082 13
734 4031 784 4077 iam
797 4025 924 4098 Madm'q:
945 4046 999 4080 enm
1087 4031 1118 4082 15
1132 4033 1179 4096 qu}
1193 4013 1307 4083 admodii
1322 4025 1524 4098 (temnens

311 4115 368 4162 inde
387 4117 461 4163 exiret
480 4117 523 4164 sed
542 4117 769 4182 quemadmodum).
801 4114 881 4180 Quod
895 4114 975 4170 Gertz
995 4116 1133 4172 desiderat
1152 4137 1207 4170 eurn
1227 4125 1290 4173 ante
1309 4121 1413 4184 efferret,
1434 4115 1525 4170 Seneca

309 4191 422 4246 cornilio
441 4195 516 4243 exiret
536 4203 560 4246 er
574 4196 667 4242 esser-ret
680 4193 751 4248 nude
764 4196 844 4248 iuxta
853 4197 979 4264 posuisse
992 4197 1101 4250 uidetur
1173 4199 1206 4252 23
1221 4201 1333 4265 optimae
1348 4194 1524 4267 Borrpersirrs:

292 4274 405 4334 voptima
486 4272 520 4326 26
540 4289 621 4321 earum
637 4274 660 4338 (e
671 4271 726 4340 suit
739 4275 763 4341 c)
848 4274 882 4328 28
900 4278 991 4342 pspicit
1009 4285 1032 4326 et
1051 4288 1152 4328 octrone
1164 4281 1223 4337 trib;
1240 4279 1342 4348 (omnia
1355 4279 1383 4332 in
1396 4278 1461 4342 ras.)
1474 4269 1526 4328 coti·

308 4351 357 4399 hoc
371 4353 499 4400 tonitribus
512 4349 573 4402 olim
588 4367 659 4405 corr.
743 4353 775 4406 31
791 4356 987 4420 aeternitatisque
999 4353 1164 4412 Pincianus:
1180 4361 1333 4410 aeternitatis
1417 4358 1451 4412 32
1463 4367 1525 4404 omne

309 4425 473 4482 deteriores:
495 4432 576 4479 omem
702 4435 816 4483 omnibus
835 4435 936 4483 saeculis
955 4437 1021 4484 uadit
1036 4433 1199 4490 Pirrct'anres:
1221 4441 1290 4490 uadit
1305 4440 1421 4488 omnibus
1434 4433 1525 4488 saeculis

817 4559 1028 4568 ——-—..—
