3184 5318
699 1001 729 1066 i.
760 1000 901 1067 turtur
925 1001 1090 1068 situum
1283 1039 1289 1048 -

480 1149 919 1260 DIALOGORVM
955 1151 1150 1246 LIBER·
1185 1151 1313 1248 Vlll.

782 1363 830 1410 AD
850 1361 1014 1410 SERENVM

826 1501 867 1554 llll
887 1499 968 1555 ullu.

868 1651 973 1658 ...--.-

371 1771 393 1834 Ι.
439 1773 514 1852 [28]
539 1771 627 1800 *m*
652 1793 706 1834 cur
729 1772 821 1834 nobis
845 1793 963 1853 magno
987 1794 1142 1835 consensu
1166 1774 1240 1837 uitia
1260 1774 1516 1836 commendantll

281 1878 354 1940 licet
376 1878 451 1942 nihil
475 1880 567 1954 aliud,
591 1882 678 1961 quod
701 1883 742 1943 sit
764 1880 909 1956 salutare,
932 1892 1137 1961 temptemus,
1160 1883 1303 1962 proderit
1327 1891 1429 1942 tamen
1443 1899 1491 1959 per

281 2007 316 2048 se
338 1990 440 2066 ipsum
464 1989 630 2050 secedere:
658 1987 803 2050 meliores
828 1989 941 2049 erimus
965 1985 1085 2068 singuli.
1132 1990 1224 2069 quid,
1249 1991 1338 2070 quod
1361 1987 1492 2049 secedere

281 2095 323 2155 ad
353 2097 495 2174 optimos
525 2098 609 2156 uiros
640 2106 671 2157 et
703 2094 832 2176 aliquod
862 2087 1054 2175 exemplum'
1071 2095 1202 2174 eligere,
1234 2097 1276 2157 ad
1299 2097 1386 2176 quod
1408 2098 1491 2156 uitam

255 2203 478 2279 iderigamus‚
509 2201 601 2264 licet?
640 2203 728 2282 quod
759 2203 815 2263 nisi
847 2204 915 2264 otio
946 2223 1011 2262 non
1042 2202 1084 2264 fit.
1131 2213 1206 2264 tunc
1236 2211 1346 2282 potest
1360 2243 1363 2247 -
1377 2205 1493 2282 optineri
1538 2181 1543 2193 .

283 2309 371 2387 quod
399 2309 497 2371 semel
520 2308 654 2390 placuit,
685 2307 738 2370 ubi
762 2329 854 2370 nemo
877 2311 1061 2382 interuenit,
1092 2312 1145 2390 qui
1169 2311 1317 2372 iudicium
1341 2307 1440 2370 adhuc
1459 2311 1493 2369 in·
1575 2303 1576 2306 ’

283 2414 430 2478 bec'illum
460 2416 580 2496 populo
604 2417 749 2478 adiutore
772 2416 971 2496 detorqueat.
1017 2426 1093 2478 tunc
1115 2425 1223 2497 potest
1246 2417 1312 2477 uita
1335 2415 1449 2497 aequali
1469 2423 1494 2475 et

283 2543 347 2583 uno
370 2533 480 2594 tenore
518 2525 708 2603 procedere,
746 2503 851 2604 quam¹
880 2525 1052 2603 propositis
1084 2524 1302 2585 diuersissimis
1333 2524 1493 2585 scindimus.
1575 2543 1576 2549 ¹

283 2649 357 2690 nam
381 2631 461 2692 inter
484 2639 592 2692 cetera
614 2629 698 2691 mala
720 2629 796 2691 illud
819 2632 992 2709 pessimum
1018 2639 1081 2703 est,
1110 2631 1198 2709 quod
1222 2630 1296 2691 uitia
1319 2631 1386 2710 ipsa
1408 2636 1519 2691 muta-t

245 2764 269 2802 ιο
284 2756 361 2797 mus,
407 2739 452 2798 sic
483 2718 528 2798 ne
546 2735 608 2798 hoc
631 2739 760 2817 quidem
784 2737 876 2798 nobis
899 2737 1054 2816 contingit
1077 2755 1263 2816 permanere
1287 2740 1317 2798 in
1342 2735 1423 2798 malo
1444 2739 1493 2797 iam

284 2841 434 2906 familiari.
481 2843 565 2906 aliud
595 2865 637 2904 ex
669 2843 730 2905 alio
762 2845 866 2924 placet
897 2854 1057 2923 uexatque
1081 2864 1139 2904 nos
1162 2842 1224 2905 hoc
1248 2864 1391 2924 quoque,
1422 2842 1493 2923 quod

283 2949 395 3010 iudicia
418 2959 526 3012 nostra
549 2971 613 3012 non
638 2961 761 3012 tantum
784 2971 891 3032 praua,
914 2952 971 3012 sed
996 2951 1091 3012 etiam
1117 2947 1196 3011 leuia
1211 2959 1292 3010 sunt.
1325 2951 1493 3012 fluctuamus
1575 2943 1576 2978 ³

283 3055 430 3137 aliudque
461 3077 503 3118 ex
535 3057 596 3119 alio
620 3058 871 3139 conprendimus.
919 3058 1018 3138 petita
1041 3056 1258 3139 relinquimus,
1291 3057 1399 3118 relicta
1420 3041 1491 3135 repe·
1575 3049 1576 3052 ’

284 3162 386 3223 timus
433 3161 570 3225 alternae
585 3155 680 3226 'inter
711 3165 915 3248 cupiditatem
947 3173 1090 3226 nostram
1122 3175 1155 3225 et
1177 3164 1402 3245 paenitentiam
1425 3165 1492 3222 uices
1507 3170 1518 3218 :1
1575 3187 1576 3190 ¹

246 3295 269 3334 15
283 3278 363 3330 sunt.
409 3271 584 3351 pendemus
606 3272 691 3334 enim
715 3272 774 3334 toti
798 3293 839 3333 ex
863 3259 967 3333 alienis
991 3272 1107 3333 iudiciis
1130 3281 1163 3332 et
1186 3272 1218 3332 id
1241 3272 1397 3350 optimum
1417 3266 1493 3330 nobis

285 3376 415 3449 uidetur,
438 3379 526 3457 quod
549 3379 701 3459 petitores
724 3378 968 3459 laudatoresque
992 3378 1109 3440 multos
1133 3377 1248 3451 habet,
1280 3399 1346 3440 non
1369 3378 1400 3438 id
1422 3372 1493 3455 quod

283 3481 475 3544 laudandum
498 3486 735 3565 petendumque
759 3495 815 3546 est.
862 3505 920 3545 nec
943 3485 1026 3546 uiam
1052 3487 1170 3547 bonam
1195 3506 1232 3546 ac
1255 3485 1373 3546 malam
1397 3499 1492 3563 perse

283 3589 500 3662 aestimamus,
534 3591 591 3652 sed
615 3591 708 3652 turba
731 3592 952 3671 uestigiorum,
983 3592 1014 3652 in
1038 3590 1151 3672 quibus
1175 3589 1259 3652 nulla
1282 3599 1354 3652 sunt
1377 3589 1491 3651 redeun-
1575 3613 1576 3616 ¹

283 3695 372 3758 tium.
418 3696 503 3758 dices
527 3695 617 3759 mihi:
654 3699 729 3778 quid
753 3697 820 3779 agis
840 3696 982 3784 Seneca?
1015 3699 1132 3760 deseris
1155 3700 1284 3780 partes?
1310 3705 1394 3759 certe
1409 3690 1517 3757 Stoicil
1575 3721 1576 3758 5

285 3977 298 4030 l
318 3993 361 4026 cur
380 3975 542 4032 deteriores:
565 3982 624 4030 circi
644 3981 689 4047 (rei
709 3983 791 4048 corr.)
884 3983 900 4036 2
920 3983 986 4031 aliud
1007 3983 1034 4048 (d
1054 3983 1149 4048 corr.)¹
1228 3982 1243 4034 3
1263 3997 1310 4046 pse
1329 3982 1373 4046 (m.
1389 3993 1428 4048 pr.
1445 3974 1490 4040 pse)
1575 4029 1576 4064 ,

370 4068 386 4119 4
407 4070 440 4118 ad
459 4070 485 4136 (d
505 4071 587 4131 corr.)
696 4071 711 4121 5
731 4072 866 4135 dirigamus
886 4070 1001 4140 (priori
1020 4069 1046 4121 in
1068 4069 1133 4136 ras.)
1243 4071 1290 4120 nisi
1310 4071 1360 4120 otio
1380 4063 1488 4118 Fickert:
1575 4065 1576 4150 l

283 4158 307 4204 in
327 4158 378 4206 otio
468 4160 572 4223 optineri
594 4155 722 4224 Madur'q:
744 4162 854 4223 optinere
942 4152 1046 4212 '9iltud
1066 4160 1094 4226 (d
1112 4159 1194 4226 corr.)
1289 4159 1321 4212 10
1345 4161 1378 4208 sic
1395 4173 1423 4206 ne
1441 4149 1488 4204 El:
1575 4167 1576 4240 q

284 4245 335 4293 sine
427 4247 456 4298 ll
478 4248 545 4297 aliud
565 4247 591 4312 (d
611 4248 693 4313 corr.)
802 4265 902 4313 quoque
1014 4248 1045 4301 12
1064 4249 1193 4299 fluctuam'.
1215 4249 1343 4317 (praeter
1360 4250 1375 4297 fl
1392 4245 1416 4298 t'u
1432 4236 1488 4305 rao)
1575 4241 1576 4248 ’

379 4334 407 4387 13
428 4338 494 4386 aliud
513 4355 539 4402 q;
562 4339 598 4403 (q;
615 4339 698 4404 corr.)
793 4337 824 4389 ll
843 4341 977 4403 penitentia
1070 4338 1100 4391 16
1121 4339 1313 4404 laudatoresq;r÷
1399 4328 1488 4394 192ng

285 4420 449 4477 deteriores:
472 4428 507 4475 ais
597 4427 668 4476 stoici
687 4429 726 4480 riri
746 4430 869 4496 (praeter
888 4430 908 4476 ri
926 4428 954 4482 iu
973 4426 1038 4494 ras.)
