3184 5318
291 333 370 376 DlAL.
386 332 422 374 Vl.
451 331 493 374 AD
511 329 652 374 MARCIAM
669 331 708 372 DE
722 329 965 374 CONSULATIONE.
997 333 1027 375 lll.
1045 333 1077 375 ll.
1233 336 1293 398 135

90 485 131 565 qui
157 481 257 545 colere
289 480 368 543 deos
399 498 438 540 ne
462 481 559 542 iratos
581 478 709 560 quidem
735 477 861 540 destitit.
909 479 991 540 idem
1016 486 1123 540 tamen
1147 486 1180 540 ut
1205 478 1295 541 rediit

90 591 212 663 domum,
237 597 269 650 et
293 586 420 670 inpleuit
444 583 553 647 oculos
576 593 609 647 et
632 582 750 667 aliquas
766 604 862 646 uoces
879 581 998 646 flebiles
1015 585 1097 648 misit
1114 593 1145 648 et
1161 584 1295 666 peractis

88 716 154 778 quae
182 714 253 758 mos
284 702 352 756 erat
383 699 543 774 praestare
574 690 743 766 defunctis,
775 693 816 754 ad
846 689 1057 773 Capitolinum
1088 690 1174 753 illum
1206 691 1294 752 rediit

63 801 199 864 luoltum.
247 800 361 862 Paulus
384 800 465 861 circa
488 797 556 862 illos
580 797 762 860 nobilissimi
786 797 934 880 triumphi
958 799 1041 872 dies,
1069 818 1133 879 quo
1158 799 1295 859 uinctum

87 919 153 996 ante,
175 928 300 970 currum
326 907 390 988 egit
413 905 545 979 Persen,
578 906 658 967 duos
681 903 761 966 filios
784 905 814 966 in
838 905 1047 987 adoptionem
1072 905 1168 967 dedit.
1214 918 1322 986 quoso

88 1016 134 1078 sibi
154 1024 342 1088 seruauerat,
366 1009 487 1076 extulit.
534 1010 642 1092 quales
666 1019 806 1074 retentos
829 1019 929 1092 putas,
953 1031 1025 1073 cum
1049 1013 1128 1074 inter
1152 1030 1292 1073 commo-

87 1124 165 1184 datos
180 1119 287 1204 Scipio
312 1119 437 1182 fuisset?
462 1138 526 1180 non
549 1119 615 1180 sine
640 1125 729 1180 motu
754 1138 887 1182 uacuum
904 1117 990 1181 Pauli
1014 1137 1137 1180 currum
1161 1117 1295 1200 populus

85 1229 234 1292 Romanus
258 1227 412 1308 adspexit.
444 1225 644 1288 contionatus
668 1232 715 1286 est
738 1232 845 1286 tamen
869 1234 901 1287 et
917 1226 981 1304 egit
998 1225 1046 1287 dis
1061 1225 1186 1306 gratias,
1208 1225 1296 1305 quod

85 1355 191 1417 conpos
221 1335 289 1396 uoti
320 1333 418 1396 lactus
449 1341 551 1396 esset:
583 1340 745 1413 precatum
770 1332 925 1406 enimse,
958 1340 1007 1408 ut,
1037 1333 1063 1395 si
1085 1331 1160 1414 quid
1183 1332 1227 1393 ob
1250 1332 1294 1392 in-

84 1451 197 1522 gentem
234 1441 399 1504 uictoriam
435 1438 569 1500 inuidiae
605 1437 746 1500 dandum
778 1448 877 1514 esset,
913 1438 945 1499 id
976 1459 1034 1500 suo
1066 1439 1170 1520 potius
1199 1457 1295 1520 quam
1312 1449 1336 1490 ¹⁰

57 1547 195 1629 lpublico
231 1549 351 1610 damno
387 1543 569 1608 solueretur.
617 1544 705 1606 uides
742 1563 838 1626 quam
876 1565 994 1626 magno
1030 1546 1136 1608 animo
1172 1546 1295 1608 tulerit?

83 1654 196 1718 orbitati
227 1673 304 1716 suae
335 1651 508 1734 gratulatus
539 1659 595 1714 est.
642 1659 674 1713 et
705 1671 800 1732 quem
830 1653 930 1732 magis
953 1661 1080 1734 poterat
1109 1663 1297 1735 permouere

83 1769 158 1822 tanta
188 1761 343 1824 mutatio?
375 1757 491 1822 solacia
514 1755 612 1848 simul
629 1766 724 1838 atque
748 1756 863 1820 auxilia
886 1758 1031 1840 perdidit.
1077 1779 1142 1820 non
1165 1761 1299 1840 contigit

82 1876 176 1930 tamen
199 1867 324 1929 tristem
348 1865 479 1928 Paulum
503 1863 588 1926 Persi
611 1863 727 1924 uidere.

58 1975 65 2026 l
159 1973 245 2036 XIV.
276 1971 379 2054 ⁴Quid
411 1991 492 2032 nunc
523 1979 556 2034 te
587 1991 643 2051 per
674 1970 911 2034 innumerabilia
941 1992 1129 2052 magnorum
1161 1973 1298 2034 uirorum
1316 1982 1339 2021 ¹⁵

81 2080 220 2161 exempla
259 2081 374 2140 ducam
413 2087 444 2140 et
483 2097 634 2159 quaeram
673 2077 819 2152 miserm,
858 2080 947 2159 quasi
983 2099 1046 2140 non
1078 2077 1229 2142 difficilius
1260 2079 1299 2140 sit
1376 2091 1379 2098 ⁴

81 2187 205 2248 inuenire
243 2185 368 2248 felices?
407 2193 507 2265 quota
542 2185 624 2245 enirn
657 2203 800 2265 quaeque
831 2186 946 2246 domus
977 2205 1075 2268 usque
1105 2186 1146 2248 ad
1178 2187 1299 2248 exitum

80 2293 216 2356 omnibus
240 2291 382 2375 partibus
406 2291 467 2352 suis
490 2290 651 2352 constitit?
680 2290 710 2352 in
734 2312 795 2370 qua
819 2312 882 2354 non
906 2291 1022 2374 aliquid
1045 2290 1206 2355 turbatum
1230 2295 1298 2354 est?

81 2420 164 2462 unum
188 2398 364 2482 quemlibet
387 2417 503 2458 annum
527 2417 648 2479 occupa
671 2407 703 2460 et
727 2418 768 2460 ex
789 2419 828 2460 eo
846 2399 1047 2480 magistratus
1063 2400 1139 2462 cita:
1166 2399 1299 2461 Lucium

79 2508 100 2568 si
121 2508 162 2570 uis
185 2505 334 2568 Bibulum
366 2513 398 2566 et
430 2501 464 2565 C.
489 2502 666 2568 Caesarem.
714 2505 835 2568 uidebis
866 2505 945 2568 inter
968 2506 1107 2588 collegas
1130 2505 1298 2568 inimicissi-
1314 2513 1340 2554 ²⁰
1384 2537 1387 2544 ·

52 2617 141 2676 'linos
163 2614 360 2676 concordem
383 2609 560 2674 fortunam:
588 2611 624 2672 L.
651 2609 765 2686 Bibuli,
798 2609 933 2675 melioris
956 2633 1053 2694 quam
1078 2613 1213 2676 fortioris
1237 2614 1300 2688 uiri,
1335 2657 1339 2664 -

79 2721 135 2781 duo
169 2718 264 2784 simul
302 2718 353 2780 filii
384 2717 538 2780 interfecti
568 2726 656 2792 sunt,
688 2717 855 2800 Aegyptio
887 2720 1015 2800 quidem
1048 2718 1134 2782 militi
1165 2719 1300 2782 ludibrio

79 2823 181 2902 habiti,
215 2834 250 2888 ut
282 2845 346 2888 non
376 2826 478 2887 minus
501 2825 569 2906 ipsa
592 2822 729 2887 orbitate
752 2833 863 2888 auctor
886 2827 950 2888 eius
974 2825 1070 2907 digna
1094 2845 1142 2887 res
1165 2824 1302 2888 lacrimis

79 2943 161 2996 esset.
209 2931 339 2996 Bibulus
373 2941 497 3006 tamen,
537 2931 590 3011 qui
626 2939 696 2994 toto
728 2930 856 2994 honoris
888 2933 934 2994 sui
964 2952 1047 2994 anno
1079 2931 1122 2994 ob
1153 2931 1299 2994 inuidiam

78 3038 212 3121 collegae
237 3038 324 3101 domi
349 3038 490 3112 latuerat,
513 3045 644 3117 postero
668 3037 719 3100 die
741 3059 838 3119 quam
859 3040 1020 3120 geminum
1037 3037 1127 3101 sunus
1143 3039 1298 3102 renuntia·
1314 3048 1340 3088 ²⁵

78 3153 137 3208 tum
168 3153 234 3220 est,
270 3146 423 3226 processit
458 3145 499 3206 ad
531 3142 623 3206 solita
654 3145 774 3235 imperii
804 3144 914 3208 officia.
961 3147 1030 3228 quis
1061 3147 1162 3208 minus
1193 3153 1300 3227 potest

77 3272 164 3332 quam
197 3273 295 3346 unum
328 3252 411 3316 diem
443 3251 568 3316 duobus
591 3250 658 3314 filiis
682 3253 779 3314 dare?
811 3263 878 3316 tam
901 3255 964 3316 cito
987 3253 1157 3317 liberorum
1181 3252 1299 3316 luctum

50 3361 61 3408 :l
76 3357 182 3434 finiuit,
216 3361 269 3472 qui
300 3359 498 3422 consulatum
527 3379 611 3422 anno
634 3357 766 3421 luxerat.
813 3358 847 3422 C.
873 3359 1084 3423 Caesareum
1108 3360 1300 3422 Britanniam

79 3589 87 3638 l
106 3590 177 3638 rediit
198 3585 281 3644 dett:
303 3590 366 3638 redit
456 3589 472 3642 2
493 3563 586 3654 aliquas
606 3589 677 3656 (quas
696 3589 723 3642 itt
738 3590 810 3656 ras.)
903 3588 917 3640 3
937 3591 1008 3638 rediit
1027 3590 1119 3639 uultum
1140 3589 1218 3646 dett:
1241 3591 1301 3640 redit

76 3677 137 3729 uultu
234 3677 249 3730 5
269 3677 346 3727 incliti
366 3679 430 3741 regis
450 3694 539 3727 nomen
558 3674 638 3732 habel
657 3675 717 3732 cod.
735 3685 797 3748 post
812 3683 906 3738 Persen,
926 3693 997 3748 quae
1015 3685 1150 3748 tamquam
1166 3676 1301 3748 glossema

77 3817 172 3872 (lelt‘m'l
194 3819 331 3872 Grrtlertrs
429 3821 444 3874 ’ἶ
464 3822 608 3886 populus-R·
706 3823 834 3887 &aspexit
937 3780 974 3870 <lis
1073 3823 1212 3888 ilcompos

77 3915 132 3956 esser
159 3907 195 3972 (et
216 3908 244 3960 tlt
263 3910 329 3974 ras.)
441 3909 474 3962 lll
499 3911 629 3959 uictoriam
655 3907 820 3973 deteriores:
847 3911 926 3960 uietor
1035 3911 1067 3963 12
1093 3918 1116 3960 et
1134 3928 1206 3976 quem
1232 3909 1301 3974 cod,

78 3993 173 4065 Haase,
195 4013 298 4062 ecquem
319 3995 400 4067 uulqo
485 3999 518 4050 ‘tl-t
539 4001 646 4064 perdidit
666 3987 763 4069 uulgo:
786 4001 840 4064 prlit
937 3998 966 4051 14
985 4001 1050 4048 Persi
1070 3997 1194 4068 Lipsius:
1216 4017 1300 4066 persen

77 4092 124 4146 lsen
143 4085 172 4138 t'n
192 4087 262 4152 ras.)
354 4085 387 4139 16
407 4090 483 4138 duca.
576 4088 603 4141 ll
623 4095 698 4152 quola
718 4091 782 4138 enim
802 4105 913 4154 quaeque
933 4086 1147 4154 Ficlrerl2·quod
1166 4095 1207 4140 enl
1226 4105 1300 4154 queq:

171 4173 203 4226 tu
232 4177 351 4225 turbatum
376 4185 410 4226 est
431 4173 545 4246 Maduiq
570 4177 648 4246 siquo
668 4175 860 4246 interrogandi
880 4185 1083 4247 pronominato
1103 4182 1168 4246 post
1194 4159 1301 4226 constitit

73 4263 177 4328 posito:
201 4265 324 4314 turbatum
342 4266 372 4315 sit
457 4265 491 4318 ‘24
511 4271 563 4317 toto
582 4267 683 4316 honoris
704 4265 783 4318 dett:
805 4273 840 4316 tot
859 4267 960 4316 honoris
1046 4283 1110 4316 anno
1129 4266 1162 4313 ob
1182 4266 1301 4315 inuidiam

76 4347 151 4406 dett:
173 4367 244 4402 anno
262 4354 355 4404 inuidia
451 4355 484 4408 tu
504 4357 563 4421 imp.
584 4355 667 4406 oslicia
758 4357 811 4421 quis
830 4354 909 4404 minus
929 4362 1007 4420 potest
1028 4351 1123 4416 Gertz,
1145 4355 1204 4416 quid
1224 4356 1303 4404 minus

78 4441 170 4504 poteht
192 4437 334 4495 Muretus:
361 4445 420 4508 quid
439 4446 518 4494 minus
537 4451 614 4510 potest
718 4444 751 4496 “ll
773 4445 817 4493 filis
