3212 5318
285 352 348 415 258
452 348 532 390 nnn.
548 347 588 392 xi.
616 348 810 390 nnnaavmn
825 347 955 390 unrnnn
971 349 1011 390 ne
1027 349 1270 406 consonatione.
1300 351 1335 393 n:

284 503 332 558 est
362 504 412 558 tot
435 495 553 560 artibus
577 497 677 559 uentri
700 495 926 558 seruientibus?
964 497 1040 577 quid
1064 497 1266 560 mercaturis?
1304 497 1379 578 quid
1403 505 1501 559 uasta-

283 603 370 664 tione
400 603 568 666 siluarum?
607 604 683 684 quid
711 602 857 686 profundi
879 606 1148 686 perscrutatione?
1186 605 1305 685 passim
1327 605 1431 666 iacent
1458 604 1502 666 ali·

285 719 400 785 menta,
423 730 504 790 quae
527 730 631 772 rerum
655 718 766 772 natura
790 709 937 772 omnibus
961 710 1037 771 locis
1061 711 1224 791 disposuit,
1246 711 1304 774 sed
1327 710 1406 774 haec
1422 711 1503 773 uelut

285 817 368 878 caeci
391 825 553 878 transeunt
576 825 608 878 et
632 836 743 878 omnes
767 817 911 896 regiones
934 826 1155 898 peruagantur,
1179 817 1279 880 maria
1300 818 1447 880 traiciunt
1469 828 1504 894 et,
1597 837 1598 842 ¹

257 943 356 985 scum
379 922 496 984 famem
520 923 637 1004 exiguo
661 923 782 1004 possint
804 924 932 998 sedare,
957 943 1076 1004 magno
1099 923 1233 986 inritant.
1280 923 1357 986 libet
1380 926 1531 991 dicerezss
1597 905 1598 958 l

282 1031 357 1111 quid
389 1031 542 1092 deducitis
572 1032 690 1105 naues?
729 1029 805 1110 quid
833 1050 944 1108 manus
967 1038 999 1091 et
1022 1030 1173 1092 aduersus
1196 1030 1277 1092 feras
1301 1040 1333 1094 et
1356 1033 1504 1094 aduersus

282 1135 426 1198 homines
450 1137 598 1198 armatis?
629 1137 705 1217 quid
726 1145 815 1198 tanto
836 1136 972 1199 tumultu
988 1137 1177 1200 discurritis?
1208 1137 1282 1218 quid
1299 1158 1378 1218 opes
1394 1127 1503 1220 opibus

282 1243 450 1324 adgeritis?
489 1263 554 1304 non
585 1243 678 1306 uoltis
709 1243 864 1324 cogitare,
894 1265 990 1325 quarn
1023 1264 1121 1324 parua
1151 1244 1243 1306 uobis
1267 1265 1403 1325 corpora
1425 1245 1502 1308 sint?

281 1370 387 1411 nonne
418 1349 502 1412 furor
533 1358 566 1412 et
597 1349 724 1412 ultimus
755 1350 909 1412 mentium
940 1371 1028 1413 error
1058 1361 1122 1426 est,
1153 1371 1226 1412 curn
1257 1359 1323 1414 tam
1355 1352 1502 1433 exiguum

244 1481 267 1520 n
282 1459 399 1540 capias,
423 1477 538 1540 cupere
561 1466 627 1520 tam
652 1456 805 1520 multum?
843 1457 916 1520 licet
938 1459 1043 1538 itaque
1066 1460 1208 1538 augeatis
1231 1479 1353 1534 census,
1374 1455 1502 1541 promo-

281 1567 380 1626 ueatis
403 1564 500 1626 fines:
534 1585 705 1644 numquam
729 1573 837 1626 tamen
861 1585 996 1647 corpora
1019 1573 1124 1627 uestra
1139 1565 1295 1628 laxabitis.
1334 1587 1408 1628 curn
1424 1566 1502 1628 bene

281 1674 408 1734 cesserit
432 1673 614 1753 negotiatio,
638 1671 905 1735 multummilitia
929 1671 1091 1746 rettulerit,
1114 1693 1187 1734 cum
1208 1673 1347 1754 indagati
1369 1673 1502 1754 undique

281 1779 342 1842 cibi
365 1780 507 1854 coierint,
531 1800 595 1840 non
618 1778 783 1854 habebitis
808 1781 860 1841 ubi
883 1780 960 1842 istos
984 1781 1155 1860 adparatus
1179 1789 1302 1842 uestros
1325 1778 1501 1844 conlocetis.

281 1887 356 1967 quid
379 1897 445 1948 tarn
470 1885 569 1948 multa
591 1887 789 1967 conquiritis?
829 1886 945 1949 scilicet
968 1889 1103 1949 maiores
1126 1888 1234 1962 nostri,
1257 1907 1393 1969 quorum
1411 1889 1529 1950 uirtus?

244 2017 266 2056 n
281 1995 460 2056 etiamnunc
483 1995 556 2056 uitia
579 2004 687 2056 nostra
710 2003 873 2070 sustentat,
898 1994 1033 2056 infelices
1057 2003 1153 2070 erant,
1177 1995 1230 2075 qui
1253 1996 1312 2057 sibi
1332 2015 1429 2056 manu
1450 2017 1501 2057 sua

279 2101 434 2183 parabant
460 2103 583 2177 cibum,
597 2111 598 2116 ’
614 2101 727 2182 quibus
749 2111 833 2164 terra
856 2101 957 2163 cubile
981 2112 1064 2176 erat,
1095 2122 1230 2182 quorum
1253 2111 1340 2164 tecta
1362 2105 1500 2166 nondum

279 2229 355 2270 auro
379 2202 550 2290 fulgebant,
574 2229 707 2289 quorum
732 2208 852 2290 templa
875 2210 1017 2270 nondum
1041 2209 1178 2289 gemmis
1201 2209 1353 2271 nitebant.
1401 2211 1500 2292 itaque

279 2323 354 2378 tunc
383 2336 440 2396 per
470 2315 580 2379 fictiles
612 2317 691 2378 deos
723 2307 867 2396 religiose
891 2315 1059 2378 iurabatur.
1105 2317 1157 2395 qui
1181 2315 1249 2376 illos
1272 2316 1499 2392 inuocauerunt,

281 2423 323 2484 ad
350 2421 477 2484 hostem
507 2423 663 2496 morituri,
690 2407 914 2496 'ne'fallerent,
945 2422 1098 2484 redibant
1144 2420 1260 2484 scilicet
1284 2423 1387 2486 minus
1411 2424 1529 2486 beate?

217 2551 268 2592 -ao
283 2529 410 2593 uiuebat
433 2530 569 2592 dictator
596 2537 718 2610 noster,
750 2529 801 2609 qui
825 2526 1012 2592 Samnitium
1037 2527 1160 2608 legatos
1183 2529 1296 2604 audiit,
1325 2549 1399 2592 cum
1424 2529 1498 2592 uilis·
1535 2527 1536 2530 ’

280 2637 394 2698 simum
418 2635 522 2704 cibum
545 2637 576 2699 in
600 2634 672 2697 foco
696 2636 763 2716 ipse
786 2655 881 2696 manu
904 2655 961 2696 sua
983 2643 1131 2709 uersaret‚
1154 2632 1214 2709 illa,
1237 2655 1300 2715 qua
1323 2636 1386 2700 iam
1411 2656 1499 2718 saepe

279 2743 405 2806 hostem
434 2751 631 2823 percusserat
653 2741 855 2822 laureamque
879 2744 909 2803 in
933 2740 1099 2822 Capitolini
1122 2741 1204 2804 Iouis
1228 2743 1351 2822 gremio
1374 2763 1497 2824 reposu-

280 2860 355 2925 erat,
378 2870 472 2931 quam
497 2849 629 2930 Apicius
653 2859 762 2910 nostra
785 2849 939 2910 memoria
963 2849 1050 2923 uixit,
1073 2849 1125 2930 qui
1148 2849 1179 2909 in
1203 2869 1241 2910 ea
1265 2849 1352 2925 urbe,
1375 2871 1419 2911 ex
1439 2869 1498 2931 qua

279 2957 445 3038 aliquando
477 2955 656 3037 philosophi
687 2954 772 3016 uelut
803 2964 1003 3036 corruptores
1026 2956 1193 3016 iuuentutis
1218 2955 1304 3016 abire
1328 2956 1400 3018 iussi
1423 2962 1497 3029 sunt,

239 3084 264 3124 ‘n
279 3063 440 3125 scientiam
469 3063 604 3144 popinae
627 3060 787 3143 professus
812 3061 974 3143 disciplina
996 3083 1052 3124 sua
1075 3061 1235 3124 saeculum
1259 3061 1372 3124 infecit.
1418 3061 1498 3124 cuius

280 3171 400 3231 exitum
429 3189 522 3232 nosse
551 3189 667 3250 operae
691 3169 825 3250 pretium
850 3178 906 3231 est.
953 3188 1024 3228 curn
1049 3171 1227 3230 sestertium
1253 3167 1374 3229 miliens
1397 3169 1426 3230 in
1447 3176 1527 3228 cu-fl

279 3275 373 3340 linam
397 3277 594 3350 coniecisset,
619 3297 690 3337 cum
715 3286 764 3336 tot
788 3276 947 3355 congiaria
969 3276 1144 3356 principum
1169 3286 1201 3336 et
1223 3276 1335 3354 ingens
1359 3272 1497 3356 Capitolii

279 3383 414 3462 uectigal
436 3382 563 3462 singulis
580 3383 887 3458 commissationibus
904 3370 1104 3462 exorpsisset,
1128 3401 1201 3444 aere
1218 3381 1319 3444 alieno
1334 3401 1496 3462 oppressus

279 3490 415 3550 rationes
450 3510 523 3552 suas
552 3497 627 3550 tunc
658 3490 794 3570 primum
826 3501 953 3550 coactus
985 3489 1140 3568 inspexit:
1182 3486 1412 3568 superfuturum
1440 3486 1495 3568 sibi

279 3754 289 3805 1
318 3755 376 3818 quid
395 3755 545 3809 mercaturis⁴
557 3752 619 3807 olim
638 3769 725 3812 corn:
746 3754 813 3819 quod
832 3739 946 3803 mercatis
1098 3751 1113 3804 3
1134 3753 1253 3817 disposuit
1272 3751 1332 3805 cod.
1352 3757 1377 3805 el
1395 3757 1494 3804 ueteres

278 3841 418 3906 editiones,
438 3839 550 3908 dep'osuit
563 3841 675 3898 Fickert
690 3849 716 3896 ef
729 3841 823 3895 Haase
913 3842 1013 3894 hlaine
1034 3843 1146 3906 inexiguo
1237 3837 1253 3893 8
1273 3843 1389 3906 aggerifis
1407 3839 1493 3910 (peior

278 3950 294 3996 g
313 3949 386 3985 corr.
406 3947 444 3985 ex
463 3933 489 3998 d)
592 3934 662 3982 uultis
681 3935 705 3998 (u
726 3935 808 3998 corr.)
913 3931 946 3984 10
971 3933 1047 3980 multa
1066 3929 1125 3983 cod.
1145 3931 1245 3979 mullum
1266 3928 1427 3991 deteriores,
1445 3935 1491 3976 ram

278 4022 380 4070 multum
393 4019 478 4086 Kocfr,
498 4019 534 4089 cf.
551 4023 582 4072 14
595 4022 654 4086 quid
666 4028 717 4070 tam
731 4023 807 4072 multa
826 4020 983 4086 conquiritis?
1076 4019 1107 4071 11
1127 4019 1242 4068 laxabitis
1261 4018 1312 4085 (itis
1328 4019 1408 4082 corr.)

279 4147 311 4198 12
338 4147 435 4196 cesserit
454 4144 549 4216 sculpo:
571 4147 672 4210 gesserit
798 4145 830 4196 13
856 4152 988 4210 apparatus
1114 4144 1147 4196 14
1173 4119 1245 4194 uirtus
1265 4143 1338 4208 (sm.
1356 4143 1407 4212 pr.)

280 4235 312 4287 15
338 4237 445 4286 infelices
465 4241 532 4284 erant
552 4235 625 4300 (irrite
644 4240 710 4284 erant
730 4237 798 4300 ros.)
937 4234 971 4286 20
995 4235 1036 4298 qui
1055 4235 1172 4285 samnitiil
1192 4229 1268 4298 (ante
1284 4251 1295 4281 s
1314 4233 1379 4296 ras.)

278 4323 312 4376 2⁶2
335 4332 475 4390 reposuerat
496 4325 531 4388 (re
544 4324 569 4374 in'
584 4323 651 4390 rae.)
737 4323 769 4375 2ss
790 4325 877 4375 millies
896 4324 1050 4390 (esinrns.)
1135 4322 1169 4376 28
1189 4325 1370 4378 comisationib;
1452 4335 1491 4366 ex·

311 4425 325 4460 l²

278 4469 387 4517 sorsisset
