3184 5318
333 321 412 366 Dtat.
428 322 466 367 Vl.
494 323 536 364 Ab
551 321 695 364 Manciam
710 321 750 364 DE
764 320 1006 364 consotattons.
1035 323 1069 366 tt.
1249 327 1309 388 ¹45

6 489 7 492 ¹
76 465 207 531 tsaluum
224 486 261 530 ac
276 477 442 549 potentem
458 468 504 532 sui
528 469 666 552 possim:
692 467 797 530 habeo
820 469 908 550 quod
930 465 1096 550 adpellem.
1134 467 1228 530 uideo
1245 467 1312 530 istic

102 593 195 636 cruces
209 593 248 636 ne
268 574 359 636 unius
375 575 503 655 quidem
527 575 649 656 generis
672 576 729 638 sed
753 575 841 638 aliter
856 575 897 636 ab
914 574 977 637 aliis
1001 572 1183 637 fabricatas:
1210 575 1312 656 capite

101 681 215 762 quidam
238 700 411 744 conuersos
433 683 464 742 in
487 690 603 744 terram
627 681 835 764 suspendere,
859 680 908 744 alii
931 702 988 762 per
1011 681 1150 744 obscena
1172 679 1311 762 stipitem

101 794 230 866 egerunt,
254 785 304 850 alii
328 787 455 850 brachia
478 787 620 871 patibulo
644 787 868 869 explicuerunt.
915 788 1009 850 uideo
1033 787 1186 860 fidiculas,
1218 785 1313 848 uideo

101 894 226 956 uerbera.
260 902 293 956 et
317 893 467 956 membris
490 894 617 974 singulis
641 903 673 956 et
696 893 831 956 articulis
854 893 976 974 singula
998 900 1172 956 nocuerunt
1197 891 1339 954 machi-u

100 1007 254 1062 ramenta:
289 1001 347 1062 sed
379 1000 473 1092 uideo
497 1010 530 1065 et
554 1009 700 1063 mortem.
747 1009 819 1063 sunt
842 1001 908 1063 istic
931 1000 1041 1062 hostes
1065 999 1199 1074 cruenti,
1231 997 1314 1060 ciues

99 1105 230 1186 superbi:
264 1106 323 1168 sed
355 1107 447 1169 uideo
478 1108 546 1170 istic
576 1116 608 1168 et
639 1115 785 1170 mortem.
831 1127 893 1168 non
926 1114 973 1168 est
998 1105 1166 1168 molestum
1190 1105 1314 1178 seruire,

100 1211 143 1272 ubi
164 1212 188 1274 si
209 1212 340 1276 dominii
362 1223 542 1294 pertaesum
558 1223 615 1288 est,
639 1212 711 1276 licet
727 1233 790 1276 uno
806 1214 906 1294 gradu
922 1213 965 1274 ad
980 1212 1158 1275 libertatem
1174 1212 1313 1274 transire.

73 1320 192 1380 tenram
222 1326 271 1394 te,
309 1319 387 1393 uita,
423 1317 577 1382 beneficio
609 1321 719 1382 mortis
751 1319 864 1382 habeo.
919 1319 1024 1406 cogita
1054 1325 1207 1399 quantum
1238 1316 1314 1378 boni

99 1433 267 1505 opportuna
290 1444 378 1486 mors
402 1424 534 1502 habeat,
570 1445 665 1506 quam
690 1425 794 1490 multis
818 1425 930 1488 diutius
954 1425 1070 1487 uixisse
1094 1425 1242 1492 nocuerit.
1288 1423 1314 1485 si
1330 1439 1354 1480 ro

100 1527 146 1591 Cn.
175 1531 379 1614 Pompeium,
420 1533 516 1594 decus
554 1533 637 1595 istud
676 1531 974 1614 firmamentumque
1006 1531 1139 1612 imperii,
1179 1529 1314 1612 Neapoli

99 1635 236 1700 ualetudo
253 1637 442 1713 abstulisset,
465 1639 659 1702 indubitatus
674 1638 783 1720 populi
798 1639 936 1700 Romani
951 1638 1095 1721 princeps
1111 1644 1310 1700 excesserat:

99 1751 125 1804 at
144 1764 224 1805 nunc
246 1745 355 1824 exigui
378 1745 530 1826 temporis
554 1745 688 1808 adiectio
712 1744 836 1835 fastigio
860 1743 946 1806 illum
974 1764 1032 1808 suo
1064 1742 1191 1826 depulit.
1237 1741 1315 1804 uidit

7 1897 8 1924 3
98 1847 227 1930 legiones
250 1851 281 1912 in
305 1859 479 1932 conspectu
502 1871 560 1913 suo
584 1871 700 1914 caesas.
739 1860 771 1912 et
794 1871 836 1914 ex
860 1850 912 1914 illo
935 1850 1064 1934 proelio,
1088 1851 1118 1913 in
1133 1869 1198 1931 quo
1214 1850 1315 1932 prima

99 1957 170 2018 acies
193 1965 319 2019 senatus
342 1955 407 2032 fuit,
430 1977 525 2040 quam
549 1957 684 2020 infelices
709 1957 854 2038 reliquiae
869 1969 949 2033 sunt,
972 1959 1074 2040 ipsum
1090 1958 1314 2038 imperatorem
1331 1973 1355 2013 rs

98 2061 282 2144 superfuisse.
317 2063 394 2126 uidit
409 2063 609 2146 Aegyptium
633 2063 808 2127 carnificem
834 2075 865 2126 et
889 2071 1124 2126 sacrosanctum
1141 2062 1312 2124 uictoribus

98 2188 202 2249 corpus
231 2168 357 2232 satelliti
386 2171 556 2251 praestitit,
591 2171 712 2233 etiamsi
742 2170 906 2234 incolumis
937 2170 1060 2246 fuisset,
1091 2169 1313 2252 paenitentiam

98 2274 194 2338 salutis
224 2284 357 2338 acturus.
402 2277 478 2358 quid
509 2278 590 2339 enim
620 2286 688 2340 erat
711 2279 837 2360 'turpius
868 2297 963 2360 quam
992 2277 1179 2358 Pompeium
1210 2276 1314 2337 uiuere

71 2380 240 2444 lbeneficio
272 2383 375 2462 regis?
423 2382 465 2444 M.
490 2381 601 2446 Cicero
632 2385 656 2445 si
688 2383 740 2446 illo
771 2393 932 2466 tempore,
963 2404 1028 2465 quo
1058 2381 1208 2446 Catilinae
1234 2383 1314 2444 sicas

99 2487 246 2564 deuitauit,
271 2488 385 2569 quibus
407 2490 522 2570 pariter
544 2510 616 2553 cum
632 2491 731 2572 patria
748 2492 864 2571 petitus
880 2501 936 2566 est,
961 2491 1159 2564 concidisset,
1182 2487 1353 2550 liberatam

99 2593 247 2674 republica
270 2603 414 2657 seruator
436 2597 516 2672 eiuS,
548 2597 573 2658 si
597 2597 732 2677 denique
755 2597 836 2659 filiae
859 2617 934 2659 suae
958 2597 1048 2659 funus
1072 2603 1196 2657 secutus
1220 2603 1313 2670 esset,

99 2699 259 2762 etiamtunc
289 2699 365 2766 felix
389 2703 468 2764 mori
490 2703 604 2783 potuit.¹
648 2723 710 2764 non
735 2705 865 2766 uidisset
887 2704 1012 2766 strictos
1036 2705 1066 2765 in
1090 2700 1189 2764 ciuilia
1211 2703 1314 2782 capita

100 2823 255 2868 mucrones
288 2827 347 2870 nec
377 2808 475 2870 diuisa
505 2808 742 2890 percussoribus
766 2811 941 2872 occisorum
965 2809 1065 2883 bona,
1098 2815 1130 2870 ut
1154 2809 1248 2870 etiam
1273 2807 1314 2869 de

48 2947 51 2960 ·
99 2931 151 2972 suo
171 2915 322 2993 perirent,
346 2934 410 2976 non
433 2913 557 2977 hastam
581 2914 756 2978 consularia
778 2914 878 2997 spolia
902 2915 1093 2977 uendentem
1117 2933 1176 2976 nec
1198 2913 1313 2976 caedes

71 3017 84 3068 t
99 3015 207 3082 locatas
222 3020 356 3102 publice,
372 3020 540 3096 latrocinia,
557 3019 647 3097 bella,
664 3021 796 3104 rapinas,
809 3030 932 3084 tantum
943 3019 1153 3084 Catilinarum.
1170 3019 1313 3083 Marcum
1329 3035 1354 3076 as

3 3199 5 3218 Β
101 3119 245 3188 Catonem
268 3127 294 3189 si
318 3125 462 3210 aCypro
486 3136 518 3189 et
540 3127 722 3191 hereditatis
746 3129 850 3210 regiae
874 3129 1108 3209 dispensatione
1128 3128 1314 3190 redeuntem

101 3249 178 3293 mare
207 3234 392 3296 deuorasset
419 3234 470 3296 uel
492 3255 565 3297 cum
587 3233 638 3296 illa
660 3235 728 3316 ipsa
749 3235 898 3316 pecunia,
929 3254 1025 3315 quarn
1049 3232 1213 3297 adferebat
1236 3231 1315 3296 ciuili

100 3335 174 3400 bello
203 3339 409 3422 stipendium,
440 3359 544 3402 nonne
562 3340 608 3404 illi
632 3340 714 3404 bene
738 3350 843 3404 actum
867 3340 968 3404 foret?
1014 3340 1077 3403 hoc
1099 3349 1185 3404 certe
1207 3359 1314 3402 secum

103 3514 303 3526 ψ-

182 3622 338 3689 lappellem
427 3624 480 3673 istic
500 3621 664 3677 delertbres:
686 3626 725 3674 isti
809 3623 875 3676 2ne
896 3620 992 3688 Gertz:
1014 3640 1064 3672 non
1148 3622 1315 3676 3conuersos

103 3707 121 3772 (s
136 3707 177 3764 alt.
196 3708 260 3778 del.)
355 3713 379 3761 in
399 3718 487 3762 terram
508 3710 674 3766 deteriores:
696 3713 803 3763 interra
905 3711 921 3765 5
946 3712 1047 3777 singulis
1067 3716 1090 3761 et
1109 3712 1217 3762 articulis
1242 3709 1314 3764 dete-

102 3796 191 3852 riores:
223 3801 326 3864 singulis
345 3801 451 3850 articulis
565 3809 698 3852 nocuerunt
723 3799 853 3870 Maduiq:
882 3801 1015 3851 docuerunt
1132 3799 1148 3852 6
1173 3800 1216 3850 sed
1240 3801 1314 3849 uideo

102 3881 227 3942 Muretus:
249 3896 273 3939 et
292 3889 366 3940 uideo
474 3889 489 3941 'l
515 3891 569 3940 istic
586 3889 710 3958 lbrtassr
730 3887 873 3944 delendum
975 3889 991 3943 8
1018 3891 1122 3940 dominii
1143 3886 1312 3943 Gronouius:

104 3974 193 4030 dominil
308 3977 341 4030 ll
362 3977 458 4028 Gneum
573 3979 782 4044 firmamentumq;
803 3980 899 4044 imperii
919 3979 955 4044 (q;
977 3980 1073 4044 imperii
1092 3978 1120 4032 in
1138 3975 1207 4042 ras.)

106 4061 129 4114 lt
145 4065 250 4116 ualitudo
343 4068 432 4116 ·P·R·
544 4066 575 4118 lb
595 4084 669 4132 quam
687 4068 796 4117 infelices
814 4065 872 4119 El:
893 4084 939 4134 que
958 4067 1061 4118 infelicis
1166 4065 1198 4118 17
1217 4063 1315 4114 satelliti

104 4145 150 4202 &¹2
168 4156 270 4206 satietati
368 4155 525 4220 penitentiam
628 4157 657 4208 19
677 4157 741 4220 regis
759 4155 811 4209 uix
829 4171 940 4214 uerum
961 4157 1070 4221 gregalis
1088 4153 1212 4224 Lipsius,
1231 4153 1314 4217 rugosi

104 4235 167 4294 Roob
248 4243 281 4296 21
303 4246 385 4302 re·‚P·'
466 4249 574 4294 seruator
593 4246 643 4295 eius
662 4241 789 4298 Fickerl=
810 4251 898 4298 seruat.
918 4241 942 4310 ei
1032 4246 1081 4295 filie
1164 4241 1197 4296 24
1216 4241 1314 4290 hastam
1370 4261 1374 4270 ·

106 4324 256 4386 delatores:
278 4332 349 4382 hasta
456 4349 500 4384 nec
521 4334 609 4384 caedes
629 4334 722 4384 locatas
740 4333 839 4399 publice
858 4333 987 4383 latrocinia
1013 4330 1142 4402 Mudut'p:
1169 4320 1214 4380 nee
1233 4330 1313 4383 cedes.

106 4431 143 4466 nee
159 4419 237 4471 locata
256 4421 356 4486 publice
374 4422 502 4472 latrocinia

1066 4511 1102 4564 ‘lll
