3234 5336
281 383 301 442 6
492 374 571 418 nint..
589 375 606 418 l.
627 373 728 424 Qvnxl:
746 373 857 424 aliqva
877 371 1065 414 INCOMMODA
1083 371 1173 414 BONIS
1193 372 1273 415 VIRIS

280 532 312 586 et
343 521 550 584 rectissimum
581 519 776 602 adgreditur,
814 521 964 582 aduersus
994 539 1091 600 quem
1129 519 1192 581 uim
1228 539 1318 582 suam
1353 519 1504 582 intendat.

280 630 386 710 ignem
417 628 577 709 experitur
607 628 637 688 in
670 627 791 702 Muci0,
821 635 1043 708 paupertatem
1073 627 1103 688 in
1130 625 1291 702 Fabrici0‚
1323 625 1453 688 exilium
1477 627 1505 687 in

281 734 414 809 Rutilio,
445 743 605 796 tormenta
640 735 670 795 in
700 731 839 815 Regulo,
877 753 1034 795 uenenum
1065 734 1096 794 in
1127 731 1274 809 Socrate,
1306 741 1445 795 mortem
1477 733 1505 794 in

283 841 413 906 Catone.
450 861 599 922 magnum
624 839 807 922 exemplum
831 839 886 901 nisi
911 839 994 900 mala
1017 838 1140 902 fortuna
1164 860 1228 901 non
1243 840 1368 902 inuenit.
1400 837 1506 900 infelix
1523 842 1535 888 l

255 956 330 1011 sest
350 947 480 1022 Mucius,
503 949 591 1028 quod
615 948 731 1008 dextra
753 948 841 1027 ignes
864 946 1003 1007 hostium
1026 947 1140 1027 premit
1164 947 1285 1027 etipse
1308 966 1327 1007 a
1350 965 1384 1007 se
1409 946 1507 1026 exigit

282 1055 394 1116 erroris
417 1055 463 1115 sui
486 1057 626 1135 poenas?
673 1054 761 1133 quod
784 1071 902 1132 regem,
925 1071 1021 1133 quem
1045 1061 1166 1114 armata
1189 1073 1284 1114 manu
1308 1071 1372 1112 non
1396 1054 1506 1134 potuit,

282 1170 396 1223 exusta
419 1161 527 1242 fugat?
560 1160 635 1240 quid
659 1163 757 1240 ergo?
796 1159 913 1221 felicior
936 1167 1027 1233 esset,
1050 1159 1075 1220 si
1098 1159 1128 1220 in
1152 1160 1219 1221 sinu
1242 1159 1363 1220 amicae
1386 1156 1507 1221 foueret

283 1271 428 1329 manum?
464 1266 570 1328 infelix
587 1275 636 1328 est
650 1265 820 1340 Fabricius
844 1267 932 1346 quod
952 1285 1004 1327 rus
1019 1286 1119 1340 suurn,
1143 1274 1295 1346 quantum
1312 1285 1331 1326 a
1347 1264 1507 1346 republica
1524 1269 1536 1313 u

283 1374 423 1449 uacauit,
446 1373 546 1436 fodit?
592 1373 680 1454 quod
702 1371 821 1433 bellum
844 1381 911 1433 tam
935 1391 1007 1434 cum
1031 1372 1154 1452 Pyrrho
1177 1393 1273 1453 quarn
1298 1393 1370 1436 cum
1396 1372 1507 1433 diuitiis

246 1497 269 1536 ιο
283 1481 385 1561 gerit?
429 1480 581 1561 quod-ad
605 1478 710 1541 focum
735 1487 826 1540 cenat
848 1477 915 1540 illas
937 1478 1021 1560 ipsas
1044 1479 1164 1542 radices
1181 1489 1213 1541 et
1228 1478 1352 1553 herbas,
1375 1498 1457 1558 quas
1480 1479 1507 1538 in

283 1588 484 1667 repurgando
519 1606 598 1666 agro
629 1584 824 1666 triumphalis
854 1605 954 1646 senex
985 1584 1099 1647 uulsit?
1142 1586 1219 1666 quid
1249 1589 1347 1666 ergo?
1391 1584 1508 1646 felicior

283 1701 379 1767 esset,
409 1693 435 1754 si
466 1692 496 1753 in
527 1701 671 1778 uentrem
702 1712 793 1753 suum
824 1691 985 1772 longinqui
1020 1691 1118 1754 litoris
1148 1693 1249 1773 pisces
1280 1701 1312 1754 et
1342 1691 1507 1773 peregrina

283 1800 415 1880 aucupia
437 1802 640 1879 congereret?
672 1799 704 1859 si
720 1797 892 1878 conchyliis
908 1797 1011 1878 superi
1026 1807 1122 1880 atque
1137 1796 1224 1860 inferi
1240 1799 1333 1859 man's
1349 1797 1506 1878 pigritiam

283 1906 439 1969 stomachi
469 1906 637 1967 nausiantis
668 1905 823 1986 erigeret?
870 1905 894 1965 si
917 1904 1035 1985 ingenti
1065 1923 1235 1985 pomorum
1258 1913 1344 1966 strue
1368 1905 1508 1984 cingeret

247 2038 269 2075 u
283 2013 403 2094 primae
433 2012 555 2073 formae
578 2010 674 2086 feras,
706 2019 815 2092 captas
843 2009 941 2072 multa
964 2011 1062 2073 caede
1085 2011 1284 2072 uenantium?
1330 2008 1439 2072 infelix
1464 2010 1535 2072 esti

283 2118 432 2194 Rutilius,
471 2118 559 2198 quod
590 2117 643 2198 qui
677 2116 764 2178 illum
800 2117 1029 2179 damnauerunt
1068 2137 1194 2178 causam
1225 2117 1331 2178 dicent
1362 2116 1508 2178 omnibus

283 2225 433 2286 saeculis?
477 2227 564 2305 quod
595 2225 742 2304 aequiore
774 2224 880 2285 animo
910 2243 1021 2304 passus
1044 2231 1093 2285 est
1115 2243 1150 2285 se
1172 2224 1292 2305 patriae
1315 2223 1392 2305 eripi
1414 2243 1508 2300 quam

283 2331 341 2392 sibi
380 2330 528 2393 exilium?
584 2332 671 2411 quod
709 2328 816 2393 Sullae
854 2330 998 2392 dictatori
1032 2327 1119 2392 solus
1157 2329 1272 2410 aliquid
1310 2329 1441 2410 negauit
1481 2337 1509 2390 et

284 2447 450 2498 reuocatus
480 2445 603 2499 tantum
627 2456 692 2498 non
715 2445 799 2498 retro
823 2437 915 2498 cessit
938 2445 971 2498 et
994 2436 1117 2516 longius
1139 2435 1239 2517 fugit?
1286 2435 1434 2511 uiderint,
1467 2436 1507 2497 in-

244 2568 270 2608 ·20
284 2545 360 2625 quit,
383 2544 431 2605 isti
454 2563 535 2624 quos
550 2543 675 2605 Romae
699 2542 907 2624 deprehendit
930 2542 1058 2605 felicitas
1081 2550 1142 2604 tua.
1182 2543 1309 2604 uideant
1332 2541 1459 2622 largum
1482 2543 1509 2602 in

284 2650 355 2712 foro
379 2651 561 2729 sanguinem
586 2658 618 2712 et
640 2669 734 2731 supra
750 2647 956 2712 Seruilianum
980 2648 1083 2711 lacum
1108 2648 1151 2725 (id
1174 2650 1258 2711 enim
1274 2648 1507 2730 proscriptionis

285 2753 431 2819 Sullanae
461 2755 641 2836 spoliarium
670 2762 729 2831 est)
752 2763 934 2817 senatorum
964 2757 1067 2836 capita
1090 2764 1122 2818 et
1145 2756 1261 2838 passim
1286 2756 1432 2836 uagantis
1455 2775 1508 2836 per

285 2864 397 2925 urbem
431 2881 652 2944 percussorum
683 2882 796 2943 greges
836 2871 867 2924 et
900 2861 998 2923 multa
1029 2861 1112 2923 milia
1143 2863 1257 2924 ciuium
1288 2861 1507 2924 Romanorum

285 2990 353 3031 uno·
375 2968 448 3031 loco
479 2978 552 3050 post
583 2969 695 3043 fidem,
726 2969 824 3030 immo
848 2987 905 3049 per
928 2969 1029 3049 ipsam
1053 2967 1150 3030 fidem
1173 2969 1337 3031 trucidata.
1383 2969 1509 3029 uideant

245 3103 270 3142 25
284 3077 344 3138 ista
374 3076 426 3157 qui
446 3074 586 3136 ‘exulare
620 3095 685 3136 non
715 3084 857 3156 possunt.
915 3074 989 3154 quid
1020 3078 1117 3155 ergo?
1163 3073 1238 3136 felix
1275 3082 1324 3136 est
1354 3074 1391 3136 L.
1415 3073 1539 3148 Sullas

284 3183 372 3264 quod
403 3180 444 3242 illi
475 3181 677 3244 descendenti
707 3182 749 3242 ad
772 3180 874 3242 forum
899 3180 1006 3262 gladio
1029 3189 1260 3255 summouetur,
1293 3181 1381 3261 quod
1406 3181 1508 3262 capita

285 3289 344 3350 sibi
375 3287 583 3350 consularium
615 3289 752 3349 uirorum
783 3288 900 3369 patitur
930 3287 1055 3349 ostendi
1086 3295 1119 3348 et
1149 3288 1283 3368 pretium
1317 3287 1423 3348 caedis
1453 3305 1507 3368 per

286 3404 488 3476 quaestorem
511 3413 549 3456 ac
571 3393 695 3456 tabulas
717 3393 857 3476 publicas
880 3396 1042 3455 numerat?
1071 3401 1103 3454 et
1125 3393 1204 3454 haec
1227 3393 1334 3455 omnia
1357 3392 1430 3455 facit
1449 3391 1505 3467 ille,

288 3659 464 3723 laggreditur
547 3658 720 3710 3ineatonem
806 3658 930 3723 irpremit
1014 3659 1029 3708 ti
1049 3675 1124 3724 penas
1208 3658 1310 3722 9quod
1328 3657 1419 3708 bellum
1438 3659 1503 3710 m.2

286 3764 314 3818 in
333 3764 455 3834 margine
520 3765 612 3828 phyrro
649 3817 653 3824 ,
682 3763 714 3816 10
733 3743 763 3813 a(i
778 3765 861 3814 focum
881 3765 1059 3833 (portares,
1080 3761 1189 3817 uidetur
1206 3763 1426 3831 firhseaffocum)

194 3910 196 3914 ’
290 3889 320 3942 13
340 3889 444 3952 aucupia
462 3886 490 3939 in
508 3901 595 3956 marq.
615 3903 672 3957 rep.
692 3891 755 3940 m.3
822 3889 949 3952 conchylis
1018 3888 1048 3940 ll
1068 3863 1187 3952 cingeretr
1252 3887 1284 3940 li
1302 3888 1374 3951 seclis
1443 3865 1506 3951 quod

361 3975 466 4040 18sy119
529 3975 560 4029 19
574 3983 701 4026 reuocatus
716 3982 808 4028 tantum
821 3994 871 4027 non
879 3971 948 4028 *retro
961 3979 1032 4027 cessit
1044 3985 1067 4028 et
1080 3978 1176 4041 longius
1184 3977 1250 4042 fugit
1264 3973 1362 4030 Gertz:
1385 3979 1506 4026 reuocatus

260 4118 265 4130 .
288 4055 379 4136 fitantt'l
403 4066 420 4134 f]
440 4087 504 4132 retro
527 4082 599 4132 cessit
616 4075 651 4132 set
669 4084 765 4147 longius
783 4083 852 4148 fugit,
871 4082 909 4136 ira
928 4087 957 4136 uf
970 4082 1063 4152 prima
1081 4097 1177 4136 manus
1196 4080 1299 4135 codicis
1317 4081 1406 4152 hasam
1423 4079 1506 4149 scrip·

288 4195 376 4244 turam
395 4205 476 4260 quam
493 4187 573 4244 Gertz
593 4187 680 4242 uoluit
697 4186 826 4242 exhibeat
898 4189 932 4242 20
951 4206 1019 4239 rome
1086 4190 1119 4242 22
1139 4197 1162 4238 et
1180 4190 1263 4254 capita
1275 4186 1326 4242 sed
1343 4196 1367 4240 et
1387 4187 1437 4242 del.

380 4276 385 4285 “
1215 4274 1231 4315 ti

181 4369 183 4372 -
288 4331 321 4383 24
342 4291 438 4381 tniilata
452 4332 485 4398 (ci
499 4347 533 4381 m.
544 4345 599 4398 pr„
619 4333 648 4382 ut
666 4327 784 4394 uidetur)
858 4331 891 4382 25
912 4331 980 4394 Sylla
1047 4331 1080 4383 26
1094 4331 1231 4382 descenden
1245 4314 1258 4394 fl
1274 4333 1306 4380 ad
1368 4329 1505 4384 2iostendi

287 4483 311 4522 et
330 4480 353 4522 et
373 4472 465 4542 (prius
484 4482 506 4523 et
525 4421 589 4538 ciel.)
662 4473 696 4524 2&
715 4425 788 4522 faciit
