3212 5318
277 354 342 415 252
454 349 533 394 olaL.
548 349 589 395 xl.
616 351 659 392 AD
674 351 809 394 uatvuiu
826 354 956 396 MATREM
972 355 1011 394 DE
1026 353 1268 396 cousotnrtoua.
1298 355 1321 396 l.

366 495 435 558 Vll.
467 495 501 558 A
524 497 709 560 caelestibus
732 501 870 580 agedum
894 507 927 562 te
948 501 990 562 ad
1014 499 1153 562 humana
1180 507 1348 561 conuerte:
1385 496 1526 563 uidebisl

275 611 387 682 gentes
417 603 616 686 populosque
648 605 808 668 uniuersos
832 616 971 670 mutasse
993 609 1113 670 sedem.
1158 607 1234 687 quid
1258 605 1315 666 sibi
1340 603 1451 666 uolunt
1472 603 1499 662 in

276 708 387 772 mediis
417 709 627 774 barbarorum
658 713 838 794 regionibus
869 713 1012 778 Graecae
1043 713 1157 776 urbes?
1189 713 1265 794 quid
1296 715 1377 774 inter
1409 710 1500 770 Indos

276 814 450 896 Persasque
473 816 696 882 Macedonicus
719 821 853 890 sermo?
886 819 1032 900 Scythia·
1048 829 1080 882 et
1111 827 1198 882 totus
1228 817 1279 880 ille
1300 816 1438 879 ferarum
1461 816 1500 876 in·

236 941 248 978 s
277 921 532 1005 domitarumque
555 925 696 1005 gentium
719 934 839 990 tractus
862 927 1004 990 ciuitates
1028 925 1170 988 Achaiae
1194 925 1331 988 Ponticis
1353 922 1502 1004 inpositas

275 1027 417 1092 litoribus
447 1039 594 1095 ostentat.
641 1052 704 1093 non
735 1042 907 1114 perpetuae
939 1033 1049 1096 hiemis
1073 1033 1217 1105 saeuitia,
1248 1051 1313 1093 non
1336 1029 1500 1092 hominum

276 1137 400 1217 ingenia
430 1138 470 1200 ad
499 1138 732 1202 similitudinem
755 1139 833 1202 caeli
856 1140 902 1202 sui
926 1139 1085 1210 horrentia
1107 1136 1365 1200 transferentibus
1389 1136 1502 1198 domos

275 1264 348 1306 suas
370 1243 568 1308 obstiterunt.
615 1245 818 1310 Atheniensis
842 1247 871 1308 in
896 1247 975 1310 Asia
997 1247 1091 1311 turba
1113 1256 1163 1309 est
1217 1245 1344 1306 Miletus
1367 1245 1530 1326 quinquet

276 1359 308 1412 et
331 1353 530 1433 septuaginta
560 1351 682 1415 urbium
715 1343 869 1436 populum
899 1354 928 1414 in
960 1354 1084 1416 diuersa
1107 1351 1224 1414 effudit
1269 1360 1374 1414 totum
1400 1351 1502 1413 Italiae

239 1471 262 1512 ιο
275 1456 364 1532 latus,
388 1457 473 1540 quod
498 1458 595 1522 infero
620 1459 697 1522 mari
720 1459 864 1534 adluitur,
888 1461 990 1522 maior
1014 1459 1146 1522 Graecia
1169 1459 1231 1520 fuit.
1279 1458 1405 1520 Tuscos
1430 1457 1503 1518 Asia

276 1563 333 1626 sibi
365 1565 509 1628 uindicat.
555 1564 643 1646 Tyrii
674 1567 815 1630 Africam
846 1567 999 1642 incolunt,
1031 1567 1215 1648 Hispaniam
1249 1566 1362 1639 Poeni,
1395 1563 1502 1626 Graeci

276 1691 311 1734 se
341 1672 371 1733 in
395 1671 530 1736 Galliam
562 1674 758 1750 inmiserunt,
789 1676 820 1737 in
843 1674 1009 1738 Graeciam
1033 1673 1123 1736 Galli.
1170 1674 1349 1752 Pyrenaeus
1371 1669 1501 1733 Germa-

276 1798 389 1840 norum
412 1779 559 1842 transitus
583 1801 646 1842 non
669 1780 809 1844 inhibuit.
854 1802 911 1864 per
934 1782 1023 1855 inuia,
1047 1801 1103 1862 per
1126 1779 1286 1860 incognita
1311 1779 1449 1840 uersauit
1471 1787 1530 1838 set

277 1883 414 1948 humana
444 1884 562 1950 leuitas.
616 1887 732 1950 liberos
763 1889 976 1969 coniugesque
1013 1896 1045 1950 et
1081 1907 1194 1968 graues
1233 1887 1320 1949 senio
1358 1894 1503 1967 parentes

238 1999 449 2054 retraxerunt
495 1991 545 2056 alii
575 1993 673 2074 longo
704 2015 811 2058 errore
841 1996 946 2058 iactati
974 1987 1038 2057 non
1067 1995 1180 2056 iudicio
1205 1993 1367 2073 elegerunt
1392 1990 1502 2064 locum,

276 2100 333 2160 sed
369 2099 549 2164 lassitudine
583 2101 766 2182 proximum
802 2111 1036 2184 occupauerunt
1099 2099 1149 2162 alii
1186 2100 1280 2162 armis
1311 2099 1408 2160 sibi'
1401 2119 1447 2160 rus
1475 2099 1502 2160 in

275 2205 411 2269 alienat
398 2216 481 2269 terra
505 2204 651 2270 fecerunt.
692 2209 846 2289 quasdam
870 2218 990 2288 gentes,
1014 2227 1086 2270 cum
1110 2209 1221 2288 ignota
1243 2214 1397 2288 peterent,
1421 2226 1503 2268 mare

276 2311 385 2376 hausit.
432 2315 589 2393 quaedam
620 2314 662 2377 ibi
685 2317 912 2390 consederunt,
943 2316 996 2377 ubi
1018 2314 1085 2378 illas
1108 2333 1213 2376 rerum
1237 2314 1378 2376 omnium
1402 2313 1503 2394 inopia

277 2420 430 2502 deposuit.
484 2441 542 2482 nec
581 2420 728 2484 omnibus
766 2423 878 2484 eadem
918 2442 1013 2484 eausa
1048 2421 1241 2501 relinquendi
1271 2420 1531 2500 quaerendiquet

236 2536 262 2578 2⁰
276 2526 409 2608 patriam
433 2526 506 2590 fuit:
541 2527 618 2590 alios
642 2529 766 2591 excidia
790 2529 912 2592 urbium
937 2549 1064 2594 suarum
1087 2526 1253 2590 hostilibus
1270 2528 1365 2590 armis
1382 2525 1503 2607 elapsos

277 2635 307 2696 in
337 2631 437 2696 aliena
467 2633 619 2716 spoliatos
650 2636 711 2698 suis
739 2635 937 2716 expulerunt.
983 2634 1060 2698 alios
1088 2635 1264 2697 domestica
1286 2632 1399 2696 seditio
1421 2652 1501 2694 sum-

277 2741 385 2804 mouit
430 2741 513 2805 alios'
531 2742 625 2804 nimia
647 2741 866 2825 superfluentis
889 2742 998 2826 populi
1020 2741 1193 2823 frequentia
1215 2742 1258 2804 ad
1284 2741 1503 2802 exonerandas

277 2848 357 2910 uires
388 2849 498 2912 emisit.
545 2848 622 2912 alios
651 2848 829 2931 pestilentia
859 2857 913 2912 aut
940 2848 1119 2930 frequentes
1150 2858 1303 2912 terrarum
1326 2846 1429 2908 hiatus
1452 2855 1503 2906 aut

277 2953 379 3034 aliqua
408 2955 605 3018 intoleranda
643 2955 770 3020 infelicis
800 2955 858 3019 soli
890 2958 963 3019 uitia
993 2957 1158 3020 eiecerunt.
1211 2956 1370 3035 quosdam
1399 2952 1503 3016 fertilis

238 3073 264 3114 εν
278 3079 354 3123 orae
385 3071 417 3122 et
448 3063 479 3124 in
503 3064 601 3126 maius
623 3063 769 3126 laudatae
792 3062 877 3126 fama
899 3064 1046 3145 corrupit
1092 3062 1170 3126 alios
1193 3060 1253 3124 alia
1275 3081 1370 3124 causa
1392 3060 1503 3124 exciuit

278 3167 426 3231 domibus
448 3169 527 3230 suis:
561 3168 635 3232 illud
658 3171 765 3251 utique
788 3169 989 3234 manifestum
1012 3180 1069 3243 est,
1092 3168 1166 3230 nihil
1189 3169 1305 3232 eodem
1329 3167 1400 3230 loco
1416 3169 1531 3228 man-5

281 3489 363 3554 lage
375 3489 412 3540 dil
425 3489 499 3554 (artie
512 3490 548 3540 du
561 3489 630 3554 ras.)
722 3465 839 3554 ageni?
930 3463 1146 3544 itran⁵fereutib3
1239 3484 1428 3538 8Atheniensis
1443 3480 1499 3536 lf’:

260 3585 303 3647 ,at
318 3579 387 3628 henis
461 3577 494 3630 10
508 3583 575 3627 tusco
588 3580 675 3627 sasias
755 3577 785 3629 ll
799 3579 946 3643 Hispaniam
961 3574 1099 3630 Muretus:
1114 3576 1257 3642 inhispanit't
1335 3575 1427 3639 grecise

279 3667 310 3720 l2
330 3670 466 3731 Pyrenaeus
480 3665 576 3736 rrrrfqo:
597 3684 690 3732 pyrena
700 3684 742 3716 eos
834 3666 866 3718 13
886 3667 970 3731 pinula
983 3667 1130 3730 pincognifa
1143 3662 1202 3717 cod.
1217 3669 1243 3717 cf
1255 3668 1363 3716 ueteres
1376 3659 1500 3715 editiones

277 3754 324 3824 (cf.
340 3753 429 3808 deira
443 3759 467 3818 3,
483 3757 524 3816 20,
539 3758 553 3806 2
568 3757 698 3820 permuta,
718 3773 761 3821 per
780 3757 872 3805 arentia
891 3756 1005 3804 trahebat
1024 3771 1123 3802 omnem
1142 3753 1209 3813 bello
1222 3753 1306 3802 utilem
1320 3751 1439 3816 turham);
1461 3757 1500 3814 pe'r

278 3877 410 3962 incognita¹
424 3895 535 3950 Fft'lcerl
560 3903 585 3952 cl
613 3892 704 3951 Haase
796 3897 827 3949 15
853 3858 894 3946 alii
985 3853 1052 3945 iudici>
1143 3894 1176 3946 16
1202 3870 1242 3943 ali¹
1342 3896 1378 3944 ius
1400 3892 1499 3942 inaliem

279 3989 470 4056 (porisma,
490 3984 740 4054 uidetursaissrt)
839 3984 871 4038 19
895 3986 1040 4050 querendiqz
1132 3984 1164 4034 21
1191 3983 1272 4034 aliena
1292 3981 1393 4051 Nem:
1412 3981 1499 4028 alienas

386 4076 517 4124 summouit
538 4074 567 4140 (it
586 4074 613 4126 in
632 4081 701 4134 ras.)
810 4073 843 4126 23
868 4076 941 4124 urbes
959 4070 1118 4135 Pincianus,
1137 4071 1214 4126 catur
1232 4071 1413 4126 cameriarum
1430 4082 1497 4120 corn·

278 4161 474 4218 rnrndaueruat
499 4161 614 4232 Madur'q
639 4167 665 4215 et
692 4162 787 4224 Gertz,
814 4161 864 4216 sed
888 4161 952 4216 uide
973 4159 1066 4215 Vellei.
1092 4159 1199 4214 Patere.
1222 4165 1244 4226 t,
1264 4164 1290 4222 4,
1310 4164 1325 4211 3
1352 4173 1439 4223 magna
1464 4157 1496 4204 uis

279 4254 391 4302 Graecae
416 4253 557 4310 iuuentutis,
584 4253 735 4302 abundantia
760 4253 846 4300 uirium
870 4252 939 4301 sedes
966 4252 1118 4316 quaeritans,
1144 4252 1168 4300 in
1187 4251 1272 4300 Asiam
1292 4266 1319 4299 se
1337 4248 1429 4306 effudit,
1455 4241 1498 4295 nli

278 4373 358 4430 Kritz
377 4381 451 4430 recte
472 4373 593 4430 Serranae
611 4374 699 4429 locum
717 4375 888 4445 comparauit
1014 4376 1145 4440 frequentis
1263 4373 1298 4428 25
1322 4337 1378 4435 hore

280 4467 393 4516 laudatae
412 4463 492 4520 deff-t
514 4466 635 4515 laudatar
