3212 5326
449 369 528 411 blnL.
544 371 581 412 lV.
608 369 648 410 DE
663 370 714 411 IRA
730 369 784 412 LlB.
801 371 829 414 11.
843 376 863 414 4.
880 376 900 415 b.
1244 375 1285 438 59

51 521 64 608 l
79 518 214 579 rationem
243 518 340 580 euicit.
385 519 521 600 primum
550 517 636 581 illum
667 519 761 580 animi
789 519 886 580 ictum
910 516 1051 598 effugere
1078 518 1199 580 ratione
1222 537 1286 579 non

78 643 239 706 possumus,
265 626 341 686 sicut
363 645 404 686 ne
426 625 478 687 illa
501 625 629 707 quidem
653 645 735 706 quae
756 624 896 688 diximus
924 625 1068 687 accidere
1091 623 1285 706 corporibus,

78 707 109 790 ne
129 749 182 790 nos
205 731 349 793 oscitatio
374 731 474 794 aliena
497 731 651 806 sollicitet,
675 751 715 794 ne
730 731 812 794 oculi
827 732 869 794 ad
885 732 1125 795 intentationem
1149 729 1285 792 subitam

77 837 229 916 digitorum
255 839 496 920 conprimantur.
542 840 602 900 ista
625 859 689 901 non
712 845 820 921 potest
835 839 916 902 ratio
932 839 1064 913 uincere,
1087 839 1285 899 consuetudo

76 942 190 1005 sortasse
221 952 253 1006 et
284 945 415 1008 adsidua
452 935 634 1008 obseruatio
672 951 833 1008 extenuat.
879 942 958 1009 alter
989 945 1040 1008 ille
1071 952 1194 1018 motus,
1233 944 1312 1026 quin

76 1051 171 1112 indicio
193 1049 337 1126 nascitur,
361 1051 474 1114 iudicio
497 1050 623 1114 tollitur.

53 1165 60 1214 Ι
149 1156 186 1219 V.
217 1155 297 1219 Illud
321 1158 500 1220 etiamnunc
522 1157 739 1240 quaerendum
763 1166 820 1234 est,
842 1156 883 1232 hi,
907 1158 959 1240 qui
980 1157 1077 1239 uolgo
1093 1157 1236 1219 saeuiunt
1253 1164 1286 1218 et

75 1263 207 1344 sanguine
222 1262 363 1325 humano
386 1264 536 1345 gaudent,
560 1283 601 1326 an
624 1265 803 1340 irascantur,
827 1284 899 1326 cum
924 1283 980 1326 eos
1003 1262 1159 1340 occidunt,
1182 1263 1292 1344 aqui-¹

75 1370 121 1430 bus
140 1389 194 1431 nec
214 1379 403 1453 acceperunt
424 1371 563 1433 iniuriam
584 1391 642 1434 nec
659 1371 819 1454 accepisse
837 1371 894 1454 ipsi
906 1390 941 1433 se
961 1371 1159 1434 existimant:
1185 1367 1284 1452 qualis
1304 1439 1306 1452 Ι

50 1482 60 1532 2
74 1474 118 1536 suit
125 1475 341 1558 Apollodorus
357 1485 410 1538 aut
425 1476 572 1540 Phalaris.
612 1477 692 1541 haec
706 1498 770 1540 non
787 1485 835 1539 est
851 1477 903 1552 ira,
919 1475 1023 1539 feritas
1039 1486 1096 1540 est.
1119 1496 1183 1539 non
1200 1475 1283 1538 enim
1300 1493 1324 1534 ro

74 1583 131 1663 quia
145 1583 265 1665 accepit
281 1583 421 1645 iniuriam
436 1594 539 1658 nocet,
556 1583 613 1646 sed
627 1593 739 1667 parata
755 1593 812 1658 est,
827 1584 905 1646 dum
921 1593 1043 1658 noceat,
1060 1583 1110 1644 uel
1133 1583 1283 1664 accipere.

74 1707 120 1749 nec
140 1688 178 1750 illi
201 1688 336 1752 uerbera
358 1687 626 1773 lacerationesque
657 1691 687 1751 in
711 1689 863 1754 ultionem
887 1699 1044 1771 petuntur,
1067 1690 1125 1752 sed
1149 1690 1180 1750 in
1196 1689 1283 1750 uolu-

50 1802 60 1848 l
74 1803 185 1876 ptatem.
225 1796 303 1878 quid
324 1799 418 1877 ergo?
442 1796 533 1878 origo
548 1796 639 1859 huius
655 1795 728 1858 mali
745 1796 786 1859 ab
810 1797 854 1858 ira
876 1803 934 1871 est,
958 1817 1039 1878 quae
1056 1795 1108 1858 ubi
1131 1794 1285 1877 frequenti

74 1902 285 1964 exercitatione
315 1911 347 1964 et
374 1903 520 1966 satietate
543 1902 573 1964 in
597 1900 790 1965 obliuionem
815 1901 1000 1965 clementiae
1024 1897 1110 1964 uenit
1132 1911 1165 1964 et
1188 1917 1284 1964 omne

74 2003 167 2069 loedus
189 2007 365 2070 humanum
389 2009 478 2071 eiecit
501 2009 624 2084 animo,
656 2011 826 2072 nouissime
854 2010 886 2070 in
909 2009 1127 2071 crudelitatem
1151 2008 1279 2070 transit:
1298 2030 1323 2070 15

73 2112 157 2176 rident
179 2115 287 2196 itaque
312 2114 513 2198 gaudentque
537 2125 569 2178 et
590 2115 754 2198 uoluptate
769 2114 871 2178 multa
885 2114 1084 2196 perfruuntur
1099 2114 1281 2196 plurimum-

50 2222 121 2299 lque
141 2220 179 2281 ab
203 2221 356 2284 iratorum
380 2222 468 2283 uoltu
491 2222 615 2297 absunt,
638 2241 696 2304 per
712 2223 812 2284 otium
836 2219 943 2284 saeui.¹
969 2220 1181 2283 Hannibalem
1197 2221 1283 2282 aiunt

73 2324 184 2402 dixisse,
208 2347 281 2389 cum
305 2326 424 2390 fossam
447 2330 599 2410 sanguine
621 2327 761 2391 humano
785 2327 911 2411 plenam
935 2327 1082 2390 uidisset:
1118 2347 1138 2388 o
1162 2327 1280 2404 sormo-

73 2450 128 2493 sum
149 2433 381 2514 spectaculum!
412 2445 531 2516 quanto
555 2435 713 2518 pulchrius
736 2434 777 2496 illi
800 2435 900 2496 uisum
924 2442 1017 2508 esset,
1040 2434 1065 2495 si
1088 2432 1204 2496 flumen
1228 2431 1281 2494 ali-

73 2540 145 2618 quod
165 2535 311 2602 lacumue
334 2541 534 2623 conplesset?
558 2541 633 2624 quid
657 2543 779 2617 mirum,
803 2541 828 2602 si
850 2540 914 2602 hoc
937 2541 1077 2602 maxime
1100 2538 1281 2620 spectaculo
1295 2556 1322 2598 n

73 2646 174 2725 caperis
197 2647 324 2708 innatus
347 2648 488 2727 sanguini
512 2656 545 2711 et
568 2648 609 2710 ab
633 2647 751 2710 infante
768 2646 917 2709 caedibus
934 2647 1103 2707 admotus?
1135 2653 1284 2726 sequetur

72 2757 97 2810 te
123 2749 244 2814 fortuna
276 2750 450 2814 crudelitati
482 2762 556 2815 tuae
588 2775 644 2837 per
676 2754 783 2834 uiginti
817 2771 917 2814 annos
955 2752 1094 2813 secunda
1133 2751 1283 2833 dabitque

73 2856 153 2918 oculis
182 2859 244 2920 tuis
272 2863 398 2939 g'ratum
430 2860 546 2942 ubique
583 2859 806 2943 spectaculum.
852 2859 974 2921 uidebis
1010 2859 1093 2920 istud
1132 2865 1164 2921 et
1202 2858 1283 2920 circa

72 2960 311 3027 Trasumennum
324 2962 357 3027 et
373 2966 454 3028 circa
463 2966 587 3028 Cannas
611 2975 644 3028 et
660 2967 830 3028 nouissime
846 2966 927 3028 circa
944 2963 1169 3046 Carthaginem
1185 2973 1281 3026 tuam.

47 3077 57 3127 a
72 3066 193 3133 Volesus
214 3090 314 3152 nuper
330 3071 389 3132 sub
406 3073 480 3134 diuo
496 3071 649 3152 Augusto
670 3093 729 3155 pro
746 3071 875 3134 consule
896 3071 1003 3146 Asiae,
1027 3091 1099 3133 cum
1123 3079 1283 3134 trecentos
1297 3085 1323 3128 2⁵

71 3195 122 3236 uno
143 3178 194 3239 die
217 3178 318 3239 securi
341 3179 553 3258 percussisset,
576 3180 726 3241 incedens
749 3179 830 3240 inter
853 3178 1009 3240 cadauera
1032 3176 1120 3239 uoltu
1137 3177 1283 3259 superb0,

71 3285 143 3360 quasi
165 3282 370 3364 magnificum
395 3285 545 3365 quiddam
569 3285 891 3366 conspiciendumque
915 3282 1048 3358 fecisset,
1072 3303 1186 3364 graece
1208 3303 1281 3364 pro-

71 3388 222 3451 clamauit:
254 3409 275 3450 o
308 3410 375 3451 rem
408 3390 544 3471 regiam!
587 3391 661 3472 quid
684 3389 736 3452 hic
765 3411 825 3452 rex
856 3388 999 3452 iecisset?
1032 3410 1096 3451 non
1126 3387 1183 3452 init
1205 3389 1285 3452 haec

70 3495 112 3568 ira,
134 3496 189 3558 sed
213 3497 313 3558 maius
338 3495 456 3558 malum
480 3507 512 3559 et
535 3495 714 3560 insanabile.

72 3671 267 3682 ·-—-—-—-..

72 3791 80 3842 l
97 3796 187 3845 ratione
203 3814 242 3847 me
261 3797 321 3847 uicit
441 3797 456 3849 3
476 3798 662 3846 intentationem
682 3798 798 3871 subitam·
813 3793 875 3849 olim
895 3803 1061 3848 correctum:
1088 3797 1285 3861 inpotentatione

69 3882 137 3932 subita
219 3885 354 3937 bassidua
373 3884 466 3954 (prior
484 3902 496 3934 s
514 3901 529 3938 e
547 3883 631 3951 corr.)
717 3884 879 3950 7querendt'1
969 3884 1011 3934 hic
1031 3884 1066 3951 (ic
1085 3884 1112 3936 in
1132 3883 1199 3950 ras.)

69 3971 132 4035 uulgo
150 3975 241 4024 seuiunt
327 3973 432 4039 .9ipsi
450 3990 476 4024 se
497 3970 594 4026 Gertz:
615 3976 682 4038 ipsos
800 3972 833 4024 10
852 3974 1051 4040 Apollodoerus
1161 3979 1202 4023 aut
1220 3971 1285 4027 olim

70 4068 220 4114 correctum:
247 4068 307 4128 aput
328 4064 348 4128 (t
366 4061 394 4114 in
414 4063 430 4112 d
450 4062 533 4128 corr.)
639 4061 670 4114 11
691 4063 786 4127 accepit
806 4058 885 4115 cleti:
908 4064 999 4127 accipit
1102 4062 1140 4112 uel
1159 4059 1283 4131 qusius:

69 4148 120 4198 uelle
198 4150 231 4204 12
250 4151 442 4217 lacerationesq;
469 4150 550 4217 (nesq;
572 4150 655 4215 corr.)
740 4150 772 4203 ll)
792 4151 862 4213 ledus
905 4150 977 4203 ’17
997 4152 1062 4200 uultu
1144 4133 1205 4215 seui}

69 4234 198 4294 Hannibale
218 4245 245 4304 (e
264 4240 292 4294 in
312 4237 379 4308 rar.)
483 4239 516 4291 19
536 4240 604 4304 aliqd
625 4239 663 4306 (in
682 4239 749 4307 ras.)
853 4237 1019 4292 201acumue
1039 4236 1135 4293 Gertz:
1156 4240 1287 4305 lacumque

80 4383 85 4406 ν
136 4363 167 4416 24
184 4367 403 4430 thransymennum
487 4362 521 4416 25
540 4364 669 4428 pconsulr
689 4363 713 4425 (e
732 4362 815 4429 eras.)
908 4321 974 4413 Cocsc
1066 4362 1099 4416 26
1118 4363 1184 4412 uultu

70 4445 97 4499 2?
115 4455 346 4519 conspiciendumque
436 4468 509 4517 grece
