3212 5318
308 321 371 387 2¹2
460 315 597 364 11111111
626 319 668 362 ao
683 315 825 362 smarrvu
841 283 1159 372 1111111110111111111
1172 319 1272 365 11111111.
1302 324 1335 368 n.
1349 325 1384 368 12.

305 465 369 530 hoc
390 466 544 542 futurum,
574 474 623 542 et,
654 488 806 550 umquam
829 476 864 533 tu
886 465 950 530 hoc
979 475 1165 532 euenturum
1196 469 1404 534 credidisses?
1436 491 1530 552 quare

304 581 412 638 autem
442 577 528 636 non?
565 594 648 655 quae
677 582 750 638 sunt
780 573 922 648 diuitiae,
953 593 1032 655 quas
1060 593 1127 636 non
1157 581 1284 656 egestas
1314 585 1347 640 et
1375 576 1478 640 fames
1501 585 1530 640 et

305 681 490 744 mendicitas
513 700 533 744 a
555 689 648 761 tergo
670 683 841 761 sequatur?
872 699 955 761 quae
975 680 1122 761 dignitas,
1145 681 1231 742 orius
1247 701 1313 744 non
1327 692 1528 764 praetextam
1592 683 1593 692 ’

304 794 338 849 et
361 774 510 868 augurale
533 797 565 849 et
587 784 656 848 lora
677 788 809 869 patricia
831 786 943 850 sordes
963 787 1154 850 'comitentur
1168 795 1202 850 et
1217 789 1411 869 exportatio,
1435 799 1530 854 notae

278 900 337 955 set
360 891 445 956 mille
468 892 611 956 maculae
633 901 666 956 et
689 901 834 956 extrema
856 892 1075 973 contemptio?
1114 893 1203 974 quod
1226 913 1361 976 regnum
1384 905 1453 972 est,
1486 898 1530 959 cui

303 1019 368 1061 non
398 1009 508 1081 parata
538 999 577 1062 sit
604 999 692 1062 ruina
715 1007 747 1062 et
769 997 966 1082 proculcatio
990 1006 1022 1062 et
1045 999 1193 1062 dominus
1216 1008 1249 1063 et
1271 1000 1434 1064 carnifex?
1474 1024 1530 1066 nec
1593 989 1594 1014 l

304 1105 427 1188 magnis
449 1108 510 1168 ista
532 1103 701 1168 interuallis
724 1105 840 1180 diuisa,
871 1105 929 1168 sed
952 1104 1050 1168 horae
1073 1115 1274 1170 momentum
1296 1109 1429 1172 interest
1451 1109 1530 1172 inter

303 1211 415 1275 solium
439 1221 471 1276 et
494 1211 594 1274 aliena
615 1231 728 1294 genua
765 1212 846 1275 scito
861 1229 940 1292 ergo
956 1229 1087 1274 omnem
1103 1211 1324 1276 condicionem
1339 1214 1530 1278 uersabilem
1546 1227 1568 1279 10

303 1337 372 1381 esse
402 1327 435 1383 et
461 1318 615 1400 quidquid
637 1317 669 1381 in
691 1315 789 1382 ullum
811 1317 954 1392 incurrit,
983 1336 1080 1400 posse
1101 1319 1134 1380 in
1156 1324 1190 1380 te
1211 1337 1341 1401 quoque
1363 1321 1529 1384 incrurere.
1594 1327 1595 1332 ’

265 1445 288 1484 11
302 1422 443 1507 locuples
473 1433 526 1487 es':
567 1423 721 1506 numquid
753 1423 879 1486 diuitior
901 1423 1078 1505 Pompeio?
1117 1425 1166 1488 cui
1197 1443 1269 1486 cum
1292 1423 1405 1501 Gaius,
1437 1435 1529 1489 uetus

302 1539 473 1612 cognatus,
507 1527 625 1612 hospes
655 1548 773 1604 nouos,
810 1529 983 1611 aperuisset
1014 1527 1157 1592 Caesaris
1187 1530 1336 1606 domum,
1371 1540 1407 1594 ut
1439 1551 1528 1594 suam

301 1634 457 1710 eluderet,
488 1634 587 1698 defuit
616 1635 721 1717 panis,
752 1655 842 1718 aqua
888 1654 960 1698 cum
991 1643 1042 1698 tot
1065 1634 1193 1698 flumina
1214 1636 1393 1717 possideret
1416 1638 1448 1698 in
1473 1658 1528 1700 suo

301 1744 440 1816 orientia,
463 1741 495 1802 in
517 1761 575 1804 suo
599 1741 751 1816 cadentia,
776 1741 969 1805 mendicauit
990 1739 1152 1805 stillicidia
1197 1739 1282 1804 fame
1303 1762 1341 1804 ac
1363 1743 1415 1806 siti
1438 1746 1529 1825 periit

301 1847 332 1909 in
362 1846 481 1928 palatio
511 1847 654 1928 cognati,
684 1846 761 1910 dum
789 1847 829 1910 illi
852 1846 944 1910 heres
965 1845 1126 1929 publicum
1149 1847 1409 1932 sunusdesurienti
1434 1847 1527 1913 locat

263 1973 286 2014 11
300 1952 473 2016 honoribus
501 1954 632 2016 summis
655 1951 779 2016 functus
804 1973 856 2015 es:
891 1953 1043 2033 numquid
1067 1961 1121 2016 aut
1143 1962 1211 2016 tam
1235 1955 1358 2036 magnis
1380 1965 1439 2018 aut
1462 1965 1527 2019 tam
1544 1971 1567 2021 11

299 2061 463 2142 insperatis
485 2068 540 2123 aut
562 2068 629 2122 tam
653 2059 802 2122 uniuersis
826 2079 922 2141 quam
939 2058 1092 2122 Seianus?
1123 2080 1189 2141 quo
1213 2061 1265 2124 die
1288 2061 1374 2124 illum
1398 2043 1528 2124 senatus

300 2168 494 2243 deduxerat,
524 2164 661 2249 populus
688 2169 721 2229 in
743 2165 841 2228 frusta
865 2165 975 2230 diuisit.
1022 2167 1053 2228 in
1076 2187 1188 2248 quem,
1220 2167 1374 2250 quidquid
1397 2171 1528 2250 congeri

299 2282 441 2355 poterat,
473 2275 505 2338 di
535 2272 743 2354 hominesque
766 2271 981 2347 contulerant,
1012 2293 1054 2336 ex
1077 2292 1117 2336 eo
1141 2272 1215 2336 nihil
1238 2272 1406 2355 superfuit,
1439 2276 1526 2356 quod
1597 2276 1598 2344 l

193 2447 199 2462 ¹
299 2379 439 2444 camilex
462 2380 610 2444 traheret.
648 2400 707 2442 rex
730 2400 783 2442 es:
817 2399 882 2442 non
905 2379 948 2442 ad
964 2377 1119 2442 Croesum
1142 2388 1176 2442 te
1191 2380 1326 2456 mittam,
1340 2382 1394 2462 qui
1410 2401 1526 2463 rogum
1545 2393 1569 2445 12

258 2505 285 2546 m
299 2507 389 2550 suum
414 2497 446 2550 et
468 2487 591 2551 incendi
614 2487 702 2549 uiuus
726 2494 758 2548 et
781 2486 923 2566 extingui
946 2486 1032 2562 uidit,
1056 2485 1157 2548 lactus
1179 2506 1244 2548 non
1268 2507 1366 2568 regno
1390 2496 1526 2563 tantum,

298 2593 354 2656 sed
378 2595 472 2656 etiam
497 2594 593 2656 morti
612 2613 687 2656 suae
709 2602 875 2675 superstes.
922 2613 988 2656 non
1003 2594 1045 2656 ad
1060 2591 1254 2674 Iugurtham,
1278 2614 1373 2676 quem
1389 2594 1526 2677 populus

298 2701 463 2790 Romanus
493 2700 574 2764 intra
602 2721 736 2776 annum,
767 2719 863 2782 quam
894 2700 1057 2775 timuerat,
1087 2700 1249 2782 spectauit
1303 2699 1525 2764 Ptolemaeum
1598 2777 1599 2780 Ἴ

298 2806 425 2870 Africae
448 2827 567 2889 regem,
590 2806 764 2869 Armeniae
779 2803 986 2869 Mithridaten
1009 2807 1089 2870 inter
1106 2805 1242 2870 Gaianas
1263 2807 1427 2870 custodias
1448 2808 1524 2870 uidi-

297 2935 386 2976 mus:
419 2913 498 2976 alter
521 2915 553 2976 in
576 2912 704 2976 exilium
728 2915 842 2975 missus
865 2921 922 2987 est,
946 2911 1025 2976 alter
1047 2921 1082 2976 ut
1105 2912 1236 2978 meliore
1256 2911 1320 2975 fide
1336 2914 1524 2987 mitteretur,

257 3037 284 3078 11
298 3019 440 3102 optabat.
488 3020 518 3082 in
549 3027 639 3082 tanta
666 3039 770 3082 rerum
797 3039 921 3082 sursum
945 3039 982 3082 ae
1005 3019 1156 3083 deorsum
1180 3021 1319 3082 euntium
1343 3023 1524 3082 uersatione

296 3126 321 3188 si
352 3143 415 3187 non
447 3125 600 3207 quidquid
630 3125 697 3188 fieri
726 3133 849 3208 potest,
881 3145 940 3206 pro
970 3123 1076 3189 futuro
1104 3123 1219 3200 habes,
1251 3127 1308 3188 das
1332 3127 1364 3188 in
1387 3135 1421 3188 te
1443 3126 1525 3188 uires

296 3232 390 3294 rebus
413 3233 563 3320 aduersis,
586 3251 664 3313 quas
688 3230 822 3312 infregit,
845 3231 984 3312 quisquis
1007 3231 1094 3314 prior
1115 3232 1200 3294 uidit.
1253 3234 1258 3242 '

384 3336 452 3399 Xll
491 3339 677 3400 Proximum
708 3337 749 3399 ab
782 3336 831 3400 his
861 3337 935 3412 erit,
966 3357 1006 3398 ne
1037 3345 1092 3399 aut
1122 3337 1153 3398 in
1176 3337 1378 3417 superuacuis
1401 3344 1455 3400 aut
1480 3353 1554 3404 ext

294 3464 489 3526 superuacuo
512 3443 703 3519 laboremus,
726 3444 758 3508 id
782 3451 839 3518 est,
863 3463 903 3505 ne
926 3463 1007 3526 quae
1028 3451 1082 3506 aut
1097 3461 1162 3504 non
1177 3463 1348 3525 possumus
1364 3444 1525 3526 consequi,

254 3566 282 3606 ³⁰
295 3552 570 3634 concupiscamus,
601 3560 656 3614 aut
678 3550 787 3632 adepti
808 3548 981 3612 uanitatem
1005 3548 1222 3632 cupiditatium
1245 3558 1426 3612 nostrarum
1448 3561 1524 3612 sero

293 3833 309 3886 3
329 3836 439 3899 pretexta
458 3838 481 3883 et
500 3834 615 3898 augurale
633 3829 703 3898 cod,
721 3837 874 3899 praetextam
892 3831 1033 3898 augtualem
1052 3827 1167 3902 Maduiq
1255 3829 1273 3883 4
1292 3832 1429 3898 exportatio
1449 3829 1523 3898 cod,

293 3923 450 3990 exprobratio
460 3917 575 3990 Madut'q
666 3922 768 3986 dmille
852 3919 980 3987 9quieqd
1064 3919 1098 3973 14
1111 3919 1212 3986 cognati
1225 3917 1392 3973 deteriores:
1412 3928 1524 3986 cognata

382 4044 415 4098 1ss
439 4017 480 4095 1111ῑ
498 4048 525 4095 td
543 4045 659 4095 uniuersis
678 4046 804 4111 (uniuersis
821 4044 850 4098 in
869 4046 936 4108 ras.)
1027 4041 1061 4097 17
1086 4044 1188 4093 infrusta
1208 4040 1247 4111 (lu
1265 4042 1390 4113 margine
1406 4058 1439 4096 m.
1462 4045 1480 4094 4
1499 4057 1523 4098 c.

173 4161 180 4175 ι
291 4133 388 4200 frustra)
479 4133 572 4198 quieqd
663 4131 697 4185 18
720 4133 881 4198 hominesque
899 4129 1066 4186 deteriores:
1087 4132 1200 4181 homines
1218 4147 1267 4197 quo
1365 4131 1397 4185 19
1421 4147 1522 4196 cresum
1544 4171 1548 4180 .

397 4221 432 4276 20
457 4221 556 4271 incendi
574 4221 642 4270 uiuus
661 4217 821 4272 Pincianus:
843 4220 951 4270 escendit
969 4221 1027 4276 iuss:
1138 4225 1244 4283 tantum,
1263 4221 1307 4270 sed
1326 4221 1398 4270 etiam
1416 4215 1520 4288 uulgo:

289 4323 496 4380 tantuetit‘tcod.
587 4325 619 4378 21
634 4325 723 4390 supstis
811 4311 948 4391 qumi-i.
1033 4325 1200 4390 22pt010meu
1291 4323 1446 4377 25'euntills

290 4414 324 4468 26
342 4415 435 4480 quich
