3212 5318
312 387 390 434 DlAL.
401 387 454 434 Xll.
482 387 522 430 Ab
539 387 690 430 POLYBlVM
707 385 746 428 DE
761 387 1002 434 CONSOLATIONE.
1033 389 1065 431 ld.
1078 391 1109 433 l‘l.
1258 395 1320 458 289

98 547 154 600 aut
189 537 298 618 inique.
360 545 469 618 potest
508 537 590 598 enim
622 534 701 598 haec
731 536 881 598 aduersus
912 535 1049 616 priuatas
1081 538 1197 600 domos
1228 537 1321 600 ullam

97 625 287 726 aequitatem
317 657 410 705 nosse
434 653 487 705 aut
512 642 606 705 ullam
632 643 838 718 modestiam,
869 643 955 705 cuius
978 643 1170 725 inplacabilis
1194 645 1322 707 saeuitia

63 755 212 828 sototiens
249 753 319 832 ipsa
357 750 525 814 lunestauit
556 750 747 831 puluinaria?
795 749 943 812 iaciamus
976 750 1046 813 licet
1076 749 1115 813 illi
1147 753 1321 815 conuicium

94 878 158 920 non
181 869 290 920 nostro
313 866 435 920 tantum
460 877 531 932 ore,
555 859 611 919 sed
637 860 732 920 etiam
756 857 898 939 public0,
923 878 986 920 non
1010 867 1116 920 tamen
1142 859 1320 922 mutabitur.

94 965 243 1027 aduersus
277 966 380 1027 omnis
404 986 437 1026 se
461 985 571 1046 preces
595 965 760 1045 omnisque
783 965 993 1046 querimonias
1018 967 1134 1046 exiget.
1180 965 1243 1028 hoc
1266 965 1348 1029 suits

93 1074 123 1132 in
155 1072 246 1132 rebus
277 1071 420 1134 humanis
453 1070 593 1145 fortuna,
624 1072 688 1134 hoc
719 1073 797 1134 erit:
832 1072 906 1133 nibil
937 1072 1079 1134 inausum
1111 1073 1169 1136 sibi
1192 1072 1321 1154 reliquit,

93 1175 167 1238 nihil
189 1178 341 1240 intactum
366 1177 524 1259 relinquet.
572 1179 628 1241 ibit
652 1177 819 1240 uiolentior
841 1197 898 1258 per
921 1180 1036 1252 omnia,
1060 1179 1140 1241 sicut
1161 1180 1253 1241 solita
1274 1188 1322 1241 est

94 1304 226 1366 semper,
251 1305 304 1346 eas
328 1305 455 1366 quoque
479 1287 596 1348 domos
620 1305 694 1347 ausa
718 1284 843 1346 iniuriae
864 1304 958 1346 eausa
979 1285 1101 1360 intrare,
1126 1286 1155 1347 in
1172 1305 1249 1366 quas
1265 1307 1321 1367 per

62 1407 76 1460 6
96 1390 214 1473 templa
237 1393 347 1466 aditur,
372 1399 404 1454 et
428 1400 529 1454 atram
554 1393 698 1455 laureatis
723 1390 840 1455 loribus
864 1392 972 1454 induet
995 1401 1134 1456 uestem:
1164 1393 1237 1474 [36]
1260 1393 1321 1455 hoc

95 1518 190 1559 unum
213 1498 414 1560 obtineamus
438 1498 478 1560 ab
503 1497 553 1560 illa
577 1499 658 1562 uotis
682 1520 719 1562 ac
741 1498 886 1581 precibus
910 1499 1049 1580 publicis
1074 1502 1098 1562 si
1122 1501 1263 1562 nondum
1281 1499 1321 1562 illi
1336 1521 1361 1562 ιο
1448 1525 1450 1532 ·

95 1625 192 1684 genus
223 1603 397 1667 humanum
429 1605 544 1686 placuit
575 1625 777 1681 consumere,
809 1606 833 1668 si
858 1605 1039 1668 Romanum
1071 1605 1176 1669 adhuc
1204 1627 1320 1670 nomen

94 1711 228 1792 propitia
250 1712 384 1793 respicit,
409 1711 492 1774 hunc
515 1713 687 1794 principem
703 1712 791 1776 lassis
807 1711 972 1774 hominum
989 1713 1083 1775 rebus
1099 1715 1219 1787 datum,
1243 1716 1321 1776 sicut

94 1819 240 1880 omnibus
265 1818 459 1894 mortalibus,
483 1820 541 1882 sibi
563 1839 632 1882 esse
648 1830 805 1882 sacratum
822 1819 903 1882 uelit.
944 1820 1044 1882 discat
1060 1821 1100 1882 ab
1116 1820 1168 1882 illo
1185 1820 1319 1884 clemen-

94 1926 170 1987 tiam
193 1936 290 2007 atque
314 1926 478 1987 mitissimo
503 1927 644 1989 omnium
669 1927 843 2008 principum
868 1947 938 1989 esse
962 1927 1053 1990 mitis.

65 2049 71 2100 1
182 2031 284 2094 XVII.
317 2031 425 2094 Debes
446 2033 551 2113 itaque
567 2053 623 2096 eos
640 2034 751 2098 intueri
767 2054 888 2106 omnes,
911 2054 993 2115 quos
1009 2033 1103 2115 paulo
1119 2043 1193 2096 ante
1209 2034 1321 2112 rettuli,
1338 2053 1360 2092 rr

93 2147 147 2200 aut
177 2140 317 2200 adscitos
341 2139 429 2201 caelo
454 2149 507 2201 aut
531 2141 714 2222 proxim05,
747 2148 779 2202 et
803 2138 882 2202 serre
905 2160 1008 2221 aequo
1033 2141 1138 2201 animo
1163 2140 1320 2204 fortunam

93 2245 134 2307 ad
164 2254 197 2307 te
228 2265 355 2326 quoque
386 2247 601 2327 porrigentem
634 2265 760 2320 manus,
792 2267 871 2328 quas
894 2268 934 2309 ne
957 2247 998 2308 ab
1023 2249 1066 2309 eis
1090 2247 1233 2328 quidem,
1265 2269 1322 2330 per

93 2371 172 2432 quos
204 2352 357 2426 iuramus,
390 2351 534 2414 abstinet.
582 2353 682 2414 debes
705 2353 836 2442 illorum*
851 2354 963 2416 imitari
988 2353 1171 2416 firmitatem
1195 2355 1225 2416 in
1249 2376 1319 2436 per-

93 2456 230 2519 ferendis
255 2467 287 2519 et
310 2459 488 2520 euincendis
514 2459 683 2536 doloribus,
708 2461 738 2522 in
762 2469 914 2541 quantum
940 2461 1039 2523 modo
1062 2461 1181 2523 homini
1205 2460 1251 2550 fas
1273 2471 1321 2524 est

60 2583 148 2646 uper
172 2565 278 2626 diuina
302 2565 345 2626 ire
369 2549 508 2646 uestigia.
555 2567 697 2647 quamuis
721 2567 782 2629 sint
806 2569 835 2628 in
860 2567 925 2630 aliis
950 2569 1043 2630 rebus
1065 2569 1261 2649 dignitatium
1285 2589 1321 2630 ae
1335 2587 1361 2628 20

93 2670 304 2732 nobilitatium
325 2691 442 2752 magna
462 2651 647 2748 discrimina,
671 2674 768 2734 uirtus
784 2675 813 2734 in
831 2674 937 2736 medio
953 2676 1058 2756 posita
1074 2685 1129 2737 est.
1163 2678 1319 2738 neminem

93 2778 298 2858 dedignatur,
329 2779 381 2858 qui
412 2780 512 2840 modo
544 2779 674 2860 dignum
697 2801 732 2841 se
755 2780 805 2841 illa
828 2781 962 2844 iudicat:
998 2784 1119 2862 optime
1144 2792 1230 2856 certe
1253 2782 1321 2844 illos

92 2885 271 2960 imitaberis,
295 2886 346 2967 qui
370 2906 443 2948 cum
467 2888 621 2967 indignari
644 2897 776 2968 possent
799 2909 861 2949 non
888 2909 957 2951 esse
977 2889 1063 2970 ipsos
1087 2899 1216 2957 exortes
1233 2889 1321 2951 huius
1401 2890 1407 2904 ⁸

92 2991 181 3061 mali,
213 3000 321 3054 tamen
345 2994 375 3053 in
400 2993 462 3056 hoc
485 3014 549 3055 uno
573 3015 607 3056 se
631 2994 742 3056 ceteris
766 2996 937 3076 exaequari
960 2996 1156 3070 hominibuS,
1188 3017 1251 3057 non
1276 2996 1319 3056 in-

91 3099 210 3174 iuriam,
230 3101 287 3161 sed
302 3100 349 3162 ius
365 3101 565 3163 mortalitatis
582 3101 794 3163 iudicauerunt
810 3101 1009 3183 tuleruntque
1024 3123 1084 3165 nec
1100 3103 1190 3165 nimis
1207 3104 1321 3166 acerbe
1335 3121 1361 3160 25

91 3217 123 3268 et
147 3226 267 3288 aspere,
292 3208 379 3287 quod
403 3209 568 3282 acciderat,
593 3229 650 3270 nec
675 3207 810 3270 molliter
834 3219 867 3271 et
887 3209 1074 3272 effeminate.
1114 3230 1187 3272 nam
1210 3218 1241 3271 et
1258 3231 1321 3271 non
1391 3207 1392 3212 ’

60 3315 207 3382 3sentire
240 3313 323 3376 mala
345 3335 401 3376 sua
424 3336 488 3376 non
512 3325 560 3378 est
583 3315 719 3377 hominis
743 3325 775 3377 et
798 3337 862 3377 non
886 3315 966 3379 serre
989 3337 1053 3378 non
1077 3325 1125 3379 est
1148 3318 1210 3378 uiri.
1257 3337 1321 3379 nou

92 3493 307 3500 *—

92 3613 109 3666 3
135 3618 210 3665 etiam
230 3617 284 3680 ipsa
303 3616 424 3664 iestinnuit
444 3617 579 3680 pluuinaria
601 3613 652 3669 ΒΕ
770 3618 805 3666 illi
824 3619 880 3667 licet
901 3615 954 3670 DE
1065 3620 1197 3669 conuitium
1218 3617 1243 3671 B
1261 3636 1320 3670 con·

93 3705 158 3753 uicia
177 3701 232 3757 DE
320 3703 333 3754 4
361 3721 404 3753 ore
423 3705 518 3757 omittit
537 3703 564 3758 Ε
658 3705 673 3756 5
699 3722 784 3756 omnes
802 3723 828 3755 se
847 3723 949 3771 preceps
968 3723 1099 3772 omnesque
1119 3705 1146 3760 Ε
1162 3725 1188 3758 se
1208 3711 1319 3773 princeps

94 3809 229 3857 omnesque
250 3791 273 3845 l)
364 3795 529 3857 querimonias
547 3791 693 3847 Pincianus·
713 3796 858 3844 cerimonias
875 3793 953 3848 Blrlr'
1041 3795 1055 3844 li
1076 3797 1187 3862 relinquit
1207 3794 1234 3848 Ε

95 3881 109 3934 l
134 3883 253 3932 uiolenter
275 3879 355 3934 Gertz
465 3883 480 3936 9
507 3889 530 3933 et
549 3901 563 3932 a
582 3881 646 3933 terr'a
665 3885 779 3933 laureatis
801 3881 823 3936 D
931 3882 1016 3938 uerba
1035 3891 1058 3934 et
1078 3892 1155 3933 atram
1176 3915 1208 3922 -
1229 3897 1317 3935 uestem

97 3968 232 4024 Grurterrrs
251 3971 454 4040 transponenda
473 3987 533 4026 esse
549 3981 638 4025 curret
650 3976 738 4043 posl'l
755 3973 827 4022 solita
841 3979 875 4022 est
888 3990 984 4038 semper
1076 3973 1108 4026 ‘10
1128 3975 1281 4038 optineamns
1295 3970 1322 4026 E

185 4060 448 4125 12huncquidem1)
537 4062 611 4126 lapsis
625 4060 678 4115 DE
765 4063 894 4112 hominum
908 4064 932 4112 in
945 4059 1055 4114 rebusB
1140 4064 1188 4126 da3
1203 4066 1254 4114 tam
1270 4060 1319 4116 BG

186 4147 219 4201 13
244 4155 366 4197 sacratum
393 4151 448 4198 uelit
469 4147 523 4202 ΒΕ
545 4156 666 4200 sacratum
691 4151 740 4200 uult
761 4149 785 4203 D
899 4152 933 4204 14
958 4157 1030 4217 atque
1055 4151 1184 4201 mitissimo
1209 4153 1319 4202 omnium

75 4238 232 4304 aprincipum
252 4253 304 4286 esse
323 4239 389 4287 mitis
404 4235 456 4291 DE
472 4248 544 4304 atque
556 4240 685 4288 mitissimo
698 4241 807 4289 omnium
821 4241 958 4306 principum
972 4241 1037 4289 milis
1053 4237 1077 4292 B
1169 4241 1201 4294 tu'
1222 4242 1280 4291 ferte
1297 4239 1319 4292 B

185 4323 218 4378 18
243 4327 349 4377 iuramus
372 4326 516 4380 Buiuimus
535 4326 589 4381 DE
694 4335 717 4379 et
737 4330 887 4394 perferendis
910 4327 931 4381 Ι)
1039 4326 1073 4380 20
1097 4332 1209 4394 quamuis
1228 4331 1275 4378 sint
1294 4330 1317 4378 in

93 4411 179 4468 Gertz
198 4416 309 4479 quamuis
328 4417 351 4464 in
375 4413 453 4468 BDE
540 4415 573 4468 21
600 4417 742 4467 discrimina
762 4418 851 4467 adeant
871 4415 925 4471 DE
1011 4414 1318 4483 Iudeauerbr'smagna

91 4503 238 4554 discrimina
256 4503 348 4574 incipit
365 4503 388 4556 A
479 4503 511 4556 ‘23
532 4511 626 4555 exortes
645 4506 668 4558 A
687 4507 800 4556 exhortes
821 4505 1009 4561 DexsortesE
1026 4521 1057 4573 ςρ
1076 4507 1229 4562 exhoetesB

1074 4597 1105 4649 19
