3234 5336
279 327 298 388 8
494 321 572 363 nitu.
594 319 611 361 1.
631 319 733 371 QVARE
753 319 864 370 ALlQVA
884 317 1071 362 lucouuunn
1090 317 1180 360 BONIS
1200 317 1285 360 vtuls

278 467 419 544 Vatinio,
448 465 646 548 postferatur.
700 485 798 546 graue
833 475 881 528 est
914 463 1053 528 ciuilibus
1089 463 1178 528 bellis
1213 465 1384 528 interesse:
1433 474 1499 527 toto

278 585 433 638 terrarum
465 574 544 636 orbe
572 594 631 654 pro
663 593 757 635 causa
787 573 873 634 bona
903 580 969 634 tam
1001 571 1160 634 infeliciter
1187 591 1283 654 quam
1306 572 1500 654 pertinaciter

208 733 216 746 χ
279 680 398 744 militet.
450 700 547 761 graue
582 689 630 742 est
661 699 772 740 manus
802 678 860 740 sibi
891 676 1033 740 adferre:
1084 677 1182 740 faciat
1232 679 1309 760 quid
1340 699 1399 760 per
1430 678 1502 740 haec
1594 689 1595 692 ’

279 791 475 868 consequar?
522 795 555 848 ut
586 805 699 848 omnes
729 785 828 848 sciant
858 803 922 846 non
954 803 1023 846 esse
1054 784 1133 848 haec
1165 784 1262 861 mala,
1300 785 1417 866 quibus
1447 805 1501 866 ego

252 894 411 975 udignum
436 892 591 956 Catonem
615 891 732 973 putaui.

369 999 424 1061 1V.
470 999 644 1080 Prosperae
668 1018 717 1059 res
746 1006 778 1059 et
805 999 835 1059 in
858 996 986 1078 plebem
1015 1017 1052 1060 ac
1076 997 1147 1058 uilia
1169 997 1294 1076 ingenia
1318 998 1527 1060 deueniunt:l

279 1115 312 1168 at
336 1104 529 1170 calamitates
552 1114 751 1185 terroresque
775 1103 954 1166 mortalium
977 1103 1036 1164 sub
1060 1103 1168 1184 iugum
1192 1105 1317 1167 mittere
1345 1105 1502 1186 proprium

281 1213 388 1294 magni
418 1212 473 1274 uiri
502 1221 558 1273 est.
604 1231 730 1292 semper
759 1231 835 1272 uero
867 1230 936 1272 esse
966 1208 1088 1272 felicem
1119 1217 1151 1271 et
1178 1212 1245 1272 sine
1276 1232 1385 1272 morsu
1417 1213 1503 1273 animi

280 1319 411 1382 transire
426 1319 523 1380 uitam
540 1317 686 1398 ignorare
701 1326 750 1380 est
771 1337 875 1380 rerum
899 1325 1027 1380 naturae
1043 1316 1174 1379 alteram
1192 1327 1329 1399 partem,
1374 1325 1530 1399 magnus?
1596 1301 1597 1308 ἵ

242 1426 326 1487 uuir
348 1445 398 1487 es:
424 1425 483 1486 sed
506 1426 590 1486 unde
605 1425 678 1498 sci0,
703 1427 728 1485 si
743 1423 798 1484 tibi
814 1422 937 1485 fortuna
952 1443 1016 1484 non
1032 1423 1088 1485 dat
1104 1422 1287 1486 facultatem
1304 1423 1503 1486 exhibendae

280 1531 421 1594 uirtutis?
454 1530 643 1593 descendisti
668 1529 707 1592 ad
732 1529 900 1610 Olympia,
931 1529 989 1591 sed
1012 1549 1108 1592 nemo
1131 1538 1256 1611 praeter
1279 1539 1328 1592 te:
1355 1551 1503 1594 coronam

279 1637 395 1711 habe5‚
427 1637 588 1698 uictoriam
620 1657 683 1698 non
714 1635 830 1710 habes;
864 1655 928 1697 non
959 1635 1101 1716 gratulor
1132 1645 1297 1718 tamquam
1329 1638 1397 1700 uiro
1430 1637 1504 1712 forti,
1597 1659 1598 1682 1

279 1744 337 1806 sed
367 1752 531 1823 tamquam
569 1742 766 1805 consulatum
802 1751 1023 1822 praeturamue
1055 1743 1193 1823 adepto:
1233 1743 1355 1806 honore
1399 1753 1503 1806 auctus

280 1871 323 1912 es.
368 1850 452 1913 idem
477 1850 581 1910 dicere
601 1858 635 1911 et
658 1849 745 1910 bono
770 1850 837 1910 uiro
861 1869 1010 1930 possum,
1040 1849 1066 1910 si
1089 1847 1130 1910 illi
1159 1847 1275 1912 nullam
1306 1850 1530 1913 occasioneml
1598 1906 1599 1932 ,

241 1982 266 2020 15
280 1955 434 2019 difficilior
450 1976 540 2018 casus
556 1957 644 2018 dedit
660 1956 690 2017 in
706 1975 769 2036 qua
787 1955 869 2036 [una]
888 1956 952 2018 uim
968 1955 1015 2016 sui
1031 1956 1125 2018 animi
1135 1958 1326 2018 ostenderet.
1359 1958 1503 2020 miserum

280 2073 314 2126 te
337 2063 456 2136 iudic0,
487 2064 576 2143 quod
607 2082 778 2143 numquam
809 2060 891 2124 fuisti
923 2062 1024 2124 miser.
1071 2062 1208 2124 transisti
1238 2063 1305 2124 sine
1327 2065 1504 2127 aduersario

282 2172 387 2234 uitam.
423 2159 529 2231 ¹nemo
552 2169 629 2230 sciet
652 2169 728 2249 quid
751 2169 900 2250 potueris.
918 2189 994 2276 'ne
1016 2177 1050 2229 tu
1074 2168 1203 2250 quidem
1228 2169 1303 2251 ipso
1357 2191 1441 2252 opus
1462 2179 1505 2233 est

282 2279 365 2338 enirn
389 2278 430 2358 ad
454 2277 597 2340 notitiam
620 2276 666 2337 sui
692 2275 919 2357 experimento.
965 2273 1040 2357 quid
1056 2275 1189 2356 quisque
1204 2285 1313 2357 posset
1328 2277 1387 2338 nisi
1406 2287 1503 2359 temp-

282 2384 381 2445 tando
412 2402 476 2443 non
507 2381 625 2444 didicit.
675 2383 781 2462 itaque
804 2382 933 2464 quidam
957 2382 1014 2463 ipsi
1038 2380 1120 2444 ultro
1143 2401 1178 2444 se
1201 2382 1398 2445 cessantibus
1422 2383 1505 2446 malis
1599 2417 1600 2446 ÷

243 2513 269 2552 20
283 2489 464 2570 optulerunt
495 2498 527 2550 et
557 2489 662 2550 uirtuti
692 2488 792 2551 iturae
822 2489 853 2550 in
880 2488 1051 2551 obscurum
1087 2489 1287 2552 occasionem
1323 2509 1381 2571 per
1413 2512 1504 2573 quam

283 2596 468 2657 enitesceret
497 2595 703 2676 quaesierunt.
749 2597 905 2678 gaudent,
938 2596 1084 2676 inquam,
1115 2596 1221 2675 magni
1253 2597 1309 2658 uiri
1338 2596 1533 2679 aliquandol

284 2702 377 2764 rebus
400 2701 556 2776 aduersis,
587 2720 652 2763 non
676 2701 764 2764 aliter
786 2722 882 2786 quam
906 2700 1004 2764 fortes
1029 2701 1142 2764 milites
1164 2701 1271 2778 bellis;
1298 2703 1504 2786 Triumphum

283 2829 346 2890 ego
370 2807 601 2871 murmillonem
624 2809 683 2870 sub
706 2808 835 2871 Tiberio
860 2807 995 2872 Caesare
1019 2809 1059 2869 de
1075 2810 1201 2871 raritate
1225 2829 1390 2871 munerum
1407 2810 1506 2872 audiui

283 2923 486 2996 querentem:
520 2934 616 2995 quam
640 2913 739 2990 bella,
772 2915 885 2995 inquit,
916 2923 1003 2976 aetas
1035 2915 1134 2995 perit!
1192 2915 1285 2977 auida
1312 2923 1360 2976 est
1383 2915 1506 2996 periculi

74 3093 84 3116 k
162 3005 165 3010 ¹
243 3043 268 3082 ra
284 3022 381 3083 uirtus
405 3030 437 3082 et
459 3040 523 3101 quo
547 3022 665 3095 tendat,
689 3041 753 3082 non
777 3021 852 3101 quid
875 3041 1005 3102 passura
1028 3022 1067 3082 sit
1083 3020 1217 3101 cogitat,
1242 3023 1392 3103 quoniam
1415 3022 1505 3084 etiam

285 3128 374 3207 quod
412 3145 542 3208 passura
580 3135 629 3188 est
672 3113 790 3207 gloriae
829 3147 901 3208 pars
941 3137 997 3189 est
1059 3127 1208 3190 militares
1247 3129 1302 3190 uiri
1338 3127 1508 3208 gloriantur

285 3232 473 3308 uolneribus,
496 3232 569 3295 laeti
593 3232 743 3295 fluentem
767 3232 887 3295 meliori
909 3253 983 3296 casu
1007 3234 1192 3314 sanguinem
1216 3243 1384 3297 ostentant.
1425 3235 1507 3296 idem

285 3339 357 3402 licet
386 3337 514 3402 fecerint
553 3340 605 3420 qui
635 3340 747 3420 integri
779 3349 977 3402 reuertuntur
1015 3360 1057 3401 ex
1097 3341 1176 3416 acie,
1215 3342 1315 3422 magis
1350 3350 1508 3422 spectatur

284 3573 299 3621 {l
319 3585 404 3619 manus
429 3570 476 3618 sibi
501 3566 561 3623 cod.
581 3571 627 3618 sibi
647 3584 735 3618 manus,
757 3565 840 3638 uulgo
929 3569 1015 3618 afferre
1099 3570 1145 3620 hec
1230 3569 1246 3620 ll
1272 3585 1406 3636 prosperae
1430 3586 1469 3620 res
1487 3575 1509 3618 et

1003 3647 1012 3687 t
1188 3653 1195 3665 .

285 3709 392 3781 Haupt:
414 3665 576 3776 psp‘erareseb
667 3709 682 3762 7
702 3711 828 3775 proprium
848 3708 933 3780 Neap.
955 3697 1027 3795 §plin
1048 3709 1065 3762 i.
1079 3727 1101 3764 e.
1122 3727 1155 3764 m.
1169 3727 1216 3781 pr.
1236 3713 1395 3776 promptium,
1414 3727 1449 3765 m.
1464 3707 1507 3763 ull.

284 3805 426 3864 promptum
500 3797 532 3850 ln
551 3799 706 3848 faecultalem
782 3799 810 3849 ll
831 3800 851 3847 si
869 3815 942 3849 nemo
961 3797 1113 3854 Pincianus
1192 3799 1225 3852 12
1244 3805 1360 3864 tanquam
1442 3800 1509 3848 fortis

286 3888 307 3954 (s
324 3884 424 3953 deletu)
500 3887 530 3940 lu
550 3890 643 3951 tanqua
716 3886 749 3938 ’14
768 3889 932 3949 occasionem
945 3889 1020 3954 (nal
1040 3889 1068 3942 iu
1087 3887 1221 3957 margine)
1292 3888 1322 3939 lb
1341 3905 1389 3937 una
1407 3887 1510 3940 inducit

287 3973 370 4028 Gertz
389 3976 481 4039 (uiuam
494 3973 613 4044 Lipsius,
631 3976 768 4026 uniuersam
780 3974 882 4041 Haase)
975 3977 1008 4030 21
1029 3979 1128 4044 inquam
1148 3975 1204 4030 Εἲς
1226 3978 1279 4043 inqt
1370 3977 1403 4029 22
1421 3977 1506 4034 bellis;

285 4065 449 4129 Triumphum
459 4060 609 4118 Rubenius:
625 4064 683 4114 belli
697 4065 798 4129 triupho
813 4065 840 4131 (b
853 4080 891 4120 erc
904 4083 918 4117 u
932 4081 1007 4129 corr;
1017 4072 1080 4136 post
1092 4067 1151 4117 belli
1163 4081 1212 4120 ras
1225 4073 1349 4136 utsupra
1362 4083 1378 4117 ο
1390 4066 1456 4136 rus.)

286 4156 319 4205 2ζῖ
333 4154 436 4203 Tiberio
455 4153 561 4204 Caesare
580 4149 705 4205 Fickert:
730 4154 761 4206 T.
775 4154 865 4218 Cesare
949 4155 982 4208 25
1003 4157 1078 4206 tendit
1157 4155 1190 4207 27
1210 4156 1306 4205 meliori
1326 4171 1383 4204 casu
1403 4152 1508 4223 Lipsius

286 4255 315 4292 se
327 4255 427 4310 capere
444 4239 562 4310 negauit,
584 4237 737 4294 Gronouius
747 4239 857 4308 frustra
876 4241 1019 4314 explicare
1031 4241 1137 4306 staden
1155 4244 1254 4293 medico
1270 4244 1392 4307 obligami
1406 4241 1507 4295 conieci

288 4327 355 4379 conl.
369 4327 421 4382 Cic.
438 4328 462 4381 T
459 4344 515 4383 nsc.
530 4332 554 4390 2,
569 4331 602 4379 38
615 4337 640 4378 at
654 4346 711 4379 uero
725 4331 766 4380 ille
778 4313 921 4381 exercitatus
941 4339 964 4382 et
976 4341 1043 4382 uetus
1062 4334 1095 4381 ob
1109 4348 1212 4398 eamque
1224 4348 1275 4382 rem
1288 4332 1375 4382 fortior
1388 4331 1507 4380 medicum

289 4418 365 4467 modo
385 4421 515 4486 requirens,
534 4436 549 4468 a
567 4435 615 4483 quo
634 4419 756 4483 obligetur
