3234 5336
344 333 566 376 CONTvntELtnM
587 335 734 378 Accitana
752 335 931 380 SAPIENTEM.
951 335 1001 378 Xll.
1016 331 1079 376 xm.
1276 338 1316 400 29

107 501 209 561 aegros
238 460 311 542 suos
349 481 505 557 medicus,
542 501 678 562 quorum
710 501 768 544 nec
799 480 950 558 obscena,
987 481 1011 542 si
1042 481 1182 543 remedio
1214 489 1317 560 egent,

28 567 30 572 ,
107 595 289 649 contrectare
327 607 386 649 nec
425 586 568 668 reliquias
607 597 638 650 et
677 587 775 650 effusa
812 587 923 652 intueri
955 588 1142 678 dedignatur
1172 607 1231 650 nec
1261 607 1317 668 per

106 692 231 777 furorem
262 694 467 757 saeuientium
501 695 646 777 excipere
678 695 836 758 conuicia:
883 695 940 758 scit
970 695 1094 776 sapiens
1125 695 1226 756 omnis
1257 693 1316 756 hos

105 801 148 881 qui
174 801 272 882 togati
303 801 528 883 purpuratique
551 802 712 877 incedunt,
744 801 884 868 ualentes
907 802 1067 865 coloratos
1093 801 1186 881 [male
1209 801 1313 880 sanos]

105 927 171 982 esse,
194 928 272 988 quos
298 929 360 970 non
385 907 475 970 aliter
498 909 583 970 uidet
606 929 706 990 quam
727 929 840 990 aegros
856 907 1100 992 intemperantis.
1147 908 1252 989 itaque
1276 929 1341 977 nes

105 1023 253 1076 suscenset
277 1017 415 1096 quidem,
439 1015 463 1075 si
488 1016 563 1097 quid
587 1016 617 1076 in
641 1014 757 1078 morbo
783 1015 971 1096 petulantius
996 1015 1061 1078 ausi
1077 1024 1149 1077 sunt
1165 1016 1315 1078 aduersus

105 1120 286 1196 medentem,
320 1129 352 1183 et
383 1142 447 1202 quo
478 1122 584 1183 animo
608 1121 745 1184 honores
769 1142 879 1184 eorum
903 1120 998 1184 nihilo
1021 1122 1174 1196 aestimat,
1199 1122 1314 1184 eodem

78 1237 89 1287 l
104 1249 205 1308 parum
228 1227 402 1290 honorifice
425 1229 514 1290 lacta.
561 1230 835 1309 quemadmodum
858 1249 923 1291 non
947 1228 1083 1310 placebit
1099 1228 1165 1302 sibi,
1188 1229 1212 1290 si
1228 1227 1314 1291 illum

104 1335 251 1397 mendicus
284 1333 426 1410 coluerit,
459 1355 516 1397 nec
540 1334 763 1398 contumeliam
788 1335 949 1410 iudicabit,
980 1335 1005 1397 si
1028 1333 1068 1396 illi
1091 1334 1190 1397 homo
1213 1334 1314 1417 plebis

103 1440 218 1502 ultimae
245 1441 392 1504 salutanti
416 1451 558 1504 mutuam
583 1441 804 1504 salutationem
833 1461 897 1503 non
921 1441 1107 1504 reddiderit:
1149 1441 1193 1502 sic
1216 1462 1250 1504 se
1273 1461 1313 1503 ne
1329 1467 1353 1510 ro

103 1548 234 1628 suspiciet
270 1549 412 1629 quidem,
450 1550 474 1610 si
505 1547 590 1610 illurn
623 1547 710 1610 multi
740 1549 850 1610 diuites
881 1548 1088 1630 suspexerint.
1142 1548 1199 1610 scit
1230 1549 1312 1610 enirn

102 1651 160 1715 illos
191 1654 262 1716 nihil
283 1661 313 1717 'a
345 1656 496 1717 mendicis
528 1655 664 1730 differre,
696 1656 795 1717 immo
828 1656 1003 1718 miseriores
1034 1673 1111 1718 esse.
1157 1653 1198 1716 illi
1230 1656 1312 1716 enirn

103 1762 218 1841 exiguo,
249 1761 280 1824 hi
312 1761 414 1824 multo
445 1770 551 1842 egent.
598 1771 630 1824 et
661 1782 766 1824 rursus
798 1782 860 1823 non
893 1771 1054 1842 tangetur,
1084 1763 1108 1822 si
1140 1760 1226 1824 illum
1255 1783 1312 1824 rex

102 1865 260 1930 Medorum
285 1868 455 1931 Attalusue
479 1869 576 1931 Asiae
607 1868 797 1931 salutantem
830 1867 949 1931 silentio
972 1887 1009 1930 ac
1032 1866 1120 1930 uoltu
1145 1869 1311 1948 adroganti

101 1974 248 2036 transierit.
296 1977 353 2037 scit
385 1984 501 2038 statum
537 1977 602 2037 eius
626 1996 688 2037 non
713 1976 814 2056 magis
837 1975 955 2037 habere
978 1976 1145 2055 quicquam
1170 1975 1306 2037 inuiden-
1323 2001 1349 2043 rs

102 2079 166 2141 dum
189 2101 282 2162 quam
307 2082 381 2157 eius,
406 2083 452 2144 cui
476 2083 505 2143 in
530 2101 647 2163 magna
669 2081 783 2144 familia
807 2101 881 2144 cura
904 2081 1018 2162 obtigit
1042 2099 1155 2160 aegros
1171 2083 1309 2144 insanos-

75 2201 87 2252 l
101 2205 153 2264 que
174 2208 370 2270 conpescere.
414 2208 487 2250 num
506 2187 640 2250 moleste
657 2187 763 2264 seram,
787 2189 812 2249 si
829 2187 903 2250 mihi
926 2208 989 2250 non
1006 2187 1179 2249 reddiderit
1194 2208 1310 2250 nomen

101 2289 194 2374 aliquis
210 2316 251 2356 ex
268 2295 326 2371 his,
350 2297 402 2376 qui
418 2297 459 2357 ad
476 2295 615 2356 Castoris
631 2296 832 2375 negotiantur
847 2285 981 2376 nequam
1000 2294 1154 2376 mancipia
1170 2303 1311 2356 ementes

102 2401 331 2482 uendentesque,
347 2421 482 2481 quorum
499 2401 649 2462 tabernae
665 2403 874 2482 pessimorum
891 2421 1053 2464 seruorum
1070 2399 1164 2462 turba
1179 2399 1311 2462 refertae

101 2510 187 2568 sunt?·
212 2529 289 2584 non,
322 2518 356 2570 ut
386 2517 472 2589 puto.
519 2509 594 2589 quid
625 2509 708 2570 enim
741 2489 764 2569 is
797 2508 871 2570 boni
900 2509 1009 2582 habet,
1041 2506 1100 2570 sub
1124 2528 1188 2588 quo
1213 2528 1308 2570 nemo
1322 2530 1348 2572 ro

101 2612 147 2674 nisi
178 2613 276 2676 malus
300 2618 394 2683 ,esti
425 2635 503 2695 ergo
542 2623 576 2676 ut
606 2615 696 2676 huius
726 2614 954 2678 humanitatem
986 2614 1309 2696 inhumanitatemque

100 2718 229 2800 neglegit,
254 2722 297 2784 ita
321 2730 353 2784 et
369 2723 466 2802 regis:
501 2719 600 2782 habes
617 2721 675 2782 sub
692 2730 724 2783 te
740 2721 873 2783 Parthos
890 2729 922 2782 et
938 2721 1053 2783 Medos
1069 2730 1101 2783 et
1118 2720 1308 2796 Bactrianos,

101 2825 146 2885 sed
175 2848 253 2908 quos
285 2835 374 2890 metu
405 2829 559 2904 contines,
591 2830 647 2889 scd
680 2837 811 2909 propter
834 2847 914 2908 quos
938 2827 1097 2890 remittere
1120 2847 1227 2889 arcum
1253 2827 1308 2912 tibi

100 2951 151 2991 non
180 2923 348 3015 contingit,
380 2935 435 2996 sed
473 2935 563 3015 lupos
594 2935 805 3009 taeterrimos‚
842 2935 897 2995 sed
930 2933 1068 3010 uenales,
1100 2936 1157 2995 sed
1189 2952 1306 2996 nouum

75 3051 86 3099 ι’»
102 3050 277 3121 aucupantes
302 3041 483 3103 dominium.
530 3040 642 3102 nullius
664 3061 741 3121 ergo
758 3040 937 3102 mouebitur
957 3039 1155 3103 contumelia.
1195 3060 1346 3104 omnesu
1434 3100 1438 3106 .

100 3145 168 3207 enim
198 3149 276 3209 inter
306 3169 340 3209 se
372 3146 526 3222 differant,
557 3149 681 3230 sapiens
712 3148 839 3229 quidem
868 3167 960 3228 pares
983 3146 1052 3208 illos
1075 3147 1119 3208 ob
1142 3146 1306 3227 aequalem

100 3251 243 3316 stultitiam
275 3246 377 3316 omnis
407 3263 504 3335 putat.
559 3273 632 3315 nam
665 3255 690 3314 si
720 3253 818 3316 semel
850 3273 884 3314 se
914 3252 1074 3316 demiserit
1105 3273 1157 3330 eo,
1188 3263 1222 3316 ut
1253 3263 1307 3316 aut

99 3356 189 3422 iniuria
211 3371 377 3422 moueatur
400 3369 453 3422 aut
477 3360 676 3436 contumelia,
700 3381 763 3423 non
787 3361 903 3442 poterit
919 3379 1069 3442 umquam
1086 3380 1155 3423 esse
1171 3380 1306 3422 securus

99 3468 230 3529 securitas
246 3477 351 3529 autem
366 3456 528 3549 proprium
541 3468 661 3529 bonum
675 3469 823 3549 sapientis
836 3475 892 3542 est,
907 3486 965 3528 nec
979 3468 1166 3542 committet,
1181 3475 1215 3528 ut
1228 3467 1303 3529 iudi-

100 3575 185 3634 cando
201 3573 423 3636 contumeliam
440 3574 497 3636 sibi
513 3573 628 3636 saetam
644 3573 798 3636 honorem
816 3571 933 3635 habeat
949 3573 976 3634 ei
992 3574 1044 3654 qui
1060 3572 1140 3636 secit.
1175 3593 1304 3636 necesse
1319 3595 1344 3634 30

99 3687 136 3739 est
163 3681 249 3757 enim,
274 3700 292 3741 a
316 3702 380 3762 quo
404 3681 536 3763 quisque
560 3682 717 3742 contemni
742 3679 875 3742 moleste
900 3678 991 3754 ierat,
1020 3681 1132 3761 suspici
1156 3680 1301 3761 gaudeat.

101 3799 293 3814 Ἢ-

102 3885 225 3956 lobsceua
318 3891 334 3944 4
354 3893 419 3942 male
438 3908 510 3942 sanos
529 3891 632 3946 inducit
651 3890 746 3945 Haase
766 3891 892 3958 (incedunt
910 3897 934 3942 ut
953 3892 1074 3954 ualentes,
1094 3892 1218 3943 coloratos
1237 3892 1303 3940 male

99 3989 159 4026 sanos
176 3995 223 4036 esse
242 3995 301 4033 oum
320 3977 461 4050 Maduipio
482 3978 572 4047 Gertz)
669 3982 875 4046 &quemamodu
974 3981 1049 4035 tO-se
1068 3982 1210 4044 ambrum,
1229 3978 1305 4050 quod

100 4067 202 4118 certatim
220 4066 327 4122 addunt
344 4067 388 4122 uel
406 4073 469 4122 unte
487 4087 517 4119 ne
535 4069 658 4139 uelpost
677 4087 707 4119 ne
725 4067 845 4122 uetante
863 4071 883 4118 si
965 4068 996 4120 14
1016 4086 1072 4134 asye
1150 4070 1214 4118 uultu
1235 4085 1301 4118 arro-

99 4155 154 4213 ganti
238 4158 270 4210 1ss
290 4174 361 4223 egros
453 4157 485 4210 17
505 4165 637 4226 copescere
727 4158 760 4210 ‘24
781 4159 901 4222 contingit
922 4155 1016 4211 Curio:
1039 4159 1141 4223 contigit
1231 4158 1301 4221 lupos

98 4231 230 4294 raereniinos
258 4244 348 4299 Koch:
378 4253 433 4312 post
456 4235 544 4297 trimos
570 4247 663 4314 (hostes
687 4249 822 4297 teterrimos
847 4263 906 4300 cum
933 4244 1074 4317 Maduiqio
1101 4244 1193 4310 Gertz)

98 4327 123 4380 ‘lh'
141 4332 246 4383 differant
266 4332 361 4388 Gertz:
382 4336 496 4384 differunt
588 4335 621 4388 28
640 4338 730 4401 poterit
748 4351 802 4388 non
821 4337 926 4402 potuerit
945 4335 1004 4392 cod.
1094 4339 1175 4399 unqua
1266 4333 1300 4386 30

98 4426 226 4471 necessesest
