3184 5318
318 353 379 416 158
555 347 634 391 DlAL.
650 346 699 388 vlt.
728 346 769 387 An
784 345 961 388 GALLtONttM
976 345 1017 386 DE
1030 345 1102 386 vm
1116 345 1222 389 suan.
1248 347 1269 388 ³.
1282 348 1303 389 ⁴.

314 495 515 574 possessione
553 493 693 556 sanitatis
729 511 821 566 suae,
860 491 974 554 deinde
1003 489 1092 554 sortis
1127 511 1164 554 ac
1199 491 1387 562 uehemens,
1426 499 1520 551 cuncta

313 599 522 680 pulcherrime
543 600 674 680 patiens,
697 607 772 678 apta
795 598 1000 680 temporibus,
1025 599 1165 678 corporis
1187 599 1233 659 sui
1253 597 1521 677 pertinentiumque

314 704 409 790 adid
433 706 554 768 curiosa
576 724 640 766 non
664 705 766 766 anxie.
796 714 863 766 tum
887 703 1007 766 illarum
1031 724 1134 766 rerum
1158 724 1239 785 quae
1263 705 1361 765 uitam
1385 703 1521 765 instruunt

315 811 447 891 diligens
477 811 543 874 sine
573 811 781 873 admiratione
812 811 1010 890 cuiusquam,
1048 830 1139 872 usura
1173 809 1317 872 fortunae
1349 808 1521 882 muneribus,

288 937 378 979 snon
409 917 568 980 seruitura.
613 916 782 997 intellegis,
814 916 935 978 etiamsi
965 936 1028 977 non
1060 917 1209 990 adiciam,
1241 917 1329 996 sequi
1353 923 1546 996 perpetuant

314 1023 585 1104 tranquillitatem,
617 1022 795 1085 libertatem
824 1021 962 1102 depulsis
992 1023 1027 1084 iis
1057 1041 1139 1102 quae
1170 1031 1223 1083 aut
1255 1023 1381 1083 inritant
1404 1041 1460 1082 nos
1480 1029 1523 1080 aut

314 1131 464 1192 territant.
510 1149 584 1192 nam
603 1139 665 1208 pro
689 1127 903 1208 uoluptatibus
927 1137 959 1190 et
981 1148 1040 1209 pro
1065 1127 1121 1190 illis
1143 1148 1225 1208 quae
1247 1147 1346 1208 parua
1368 1148 1406 1189 ac
1421 1125 1524 1206 fragilia

313 1243 386 1296 sunt
409 1244 441 1297 et
464 1235 648 1316 turpissimis
672 1234 795 1316 flagitiis
818 1235 960 1295 obnoxia
991 1236 1100 1314 ingens
1124 1235 1275 1314 gaudium
1301 1234 1401 1308 subit,
1432 1234 1522 1294 incon-

314 1362 437 1403 cussum
468 1350 501 1404 et
532 1341 670 1422 aequale.
717 1350 785 1403 tum
816 1361 881 1421 pax
912 1349 944 1402 et
976 1340 1145 1402 concordia
1174 1341 1269 1403 animi
1297 1350 1328 1402 et
1352 1341 1523 1420 magnitudo

277 1465 298 1504 ru
314 1467 385 1508 cum
411 1448 659 1510 mansuetudine.
705 1448 809 1508 omnis
833 1447 915 1509 enim
940 1467 982 1508 ex
1006 1444 1184 1508 infirmitate
1206 1445 1312 1508 feritas
1335 1454 1392 1510 est.

401 1554 456 1616 IV.
503 1555 613 1616 Potest
649 1553 737 1616 aliter
772 1573 898 1635 quoque
930 1552 1048 1614 definiri
1079 1552 1200 1614 bonum
1233 1561 1393 1623 nostrum,
1427 1554 1459 1614 id
1486 1562 1547 1613 esti

313 1662 427 1740 eadem
442 1661 598 1722 sententia
613 1680 677 1720 non
693 1661 803 1721 iisdem
820 1661 992 1740 conprendi
1008 1659 1118 1720 uerbis.
1157 1660 1429 1740 quemadmodum
1454 1658 1524 1718 idem

313 1766 469 1828 exercitus
501 1767 600 1828 modo
630 1765 720 1827 latius
749 1767 912 1846 panditur,
945 1766 1044 1827 modo
1074 1767 1105 1826 in
1133 1775 1303 1846 angustum
1327 1772 1481 1826 coartatur
1500 1771 1525 1824 et

312 1881 367 1934 aut
389 1875 420 1934 in
443 1892 561 1934 cornua
583 1872 704 1934 sinuata
728 1871 832 1933 media
854 1881 944 1952 parte
967 1881 1112 1933 curuatur
1134 1880 1189 1933 aut
1215 1879 1303 1932 recta
1323 1869 1426 1932 fronte
1440 1869 1524 1949 expli-

274 1997 298 2035 15
313 1988 415 2054 catur,
447 1979 492 2041 uis
515 1977 564 2052 illi,
588 1987 759 2058 utcumque
772 1979 944 2054 ,ordinatus
968 1987 1024 2052 est,
1048 1977 1160 2038 eadem
1185 1985 1289 2038 estet
1313 1975 1456 2038 uoluntas
1477 1995 1525 2055 pro

312 2086 422 2148 iisdem
445 2084 586 2166 partibus
610 2084 729 2146 standi:
752 2064 800 2146 'ita
821 2083 920 2146 finitio
943 2084 1059 2146 summi
1082 2083 1158 2144 boni
1181 2083 1256 2146 alias
1280 2081 1413 2144 diffundi
1432 2091 1526 2162 potest

313 2200 345 2254 et
383 2191 557 2273 exporrigi,
596 2190 670 2252 alias
707 2190 811 2270 colligi
842 2199 874 2252 et
904 2191 935 2250 in
965 2210 1000 2252 se
1031 2191 1112 2270 cogi.
1157 2190 1243 2251 idem
1274 2190 1380 2270 itaque
1410 2190 1478 2262 erit,
1492 2187 1552 2246 'sil

313 2299 440 2360 dixero:
474 2316 634 2360 summurn
666 2296 788 2358 bonum
819 2306 867 2358 est
897 2297 1018 2358 animus
1049 2294 1177 2357 fortuita
1204 2297 1397 2376 despiciens,
1426 2296 1526 2355 uirtute
1585 2337 1586 2348 ,

281 2401 287 2412 “
313 2404 428 2478 laetus,
452 2412 521 2466 aut:
556 2404 670 2465 inuicta
693 2397 746 2464 uis
763 2403 873 2478 animi,
904 2403 1005 2483 perita
1028 2422 1149 2476 rerum,
1172 2402 1296 2483 placida
1319 2403 1350 2462 in
1374 2411 1443 2464 actu
1464 2419 1525 2462 cum

273 2526 299 2566 ²⁰
312 2509 507 2572 humanitate
537 2508 635 2571 multa
666 2518 698 2571 et
729 2510 981 2572 conuersantium
1014 2529 1094 2571 cura.
1141 2508 1213 2570 licet
1243 2517 1276 2570 et
1306 2509 1352 2571 ita
1374 2508 1472 2584 finire,
1500 2513 1526 2566 ut

313 2615 441 2678 beatum
471 2615 612 2680 di‘camus
635 2615 797 2678 hominem
821 2636 910 2690 eum,
941 2616 989 2678 cui
1012 2615 1130 2677 nullum
1153 2615 1274 2676 bonurn
1299 2615 1475 2697 malumque
1495 2612 1527 2672 sit

312 2723 369 2784 nisi
391 2722 494 2784 bonus
518 2720 683 2803 malusque
705 2723 842 2783 animus:
869 2720 994 2784 honesti
1017 2721 1184 2796 cultorem,
1210 2722 1324 2783 uirtute
1348 2729 1527 2790 contentum,

313 2849 408 2910 quem
431 2849 489 2892 nec
512 2828 669 2891 extollant
692 2826 819 2890 fortuita
842 2848 901 2889 nec
924 2827 1077 2908 frangant,
1101 2829 1154 2909 qui
1170 2827 1288 2902 nullum
1305 2829 1406 2891 maius
1421 2827 1527 2888 bonum

312 2955 352 2996 eo
386 2936 473 3015 quod
508 2935 565 2996 sibi
604 2937 671 3015 ipse
703 2935 779 2995 dare
809 2942 916 3014 potest
947 2934 1085 3008 nouerit,
1124 2934 1173 2994 cui
1204 2953 1278 2995 uera
1308 2933 1452 3014 uoluptas
1479 2931 1528 2990 erit

272 3056 299 3096 rr
313 3039 521 3120 uoluptatium
555 3042 759 3121 contemptio.
805 3039 891 3113 licet,
915 3040 953 3104 ,si
983 3041 1110 3120 euagari
1141 3039 1232 3114 ueliS,
1271 3041 1358 3102 idem
1389 3041 1420 3100 in
1447 3036 1555 3098 aliam3

313 3156 407 3226 atque
431 3144 524 3206 aliam
547 3144 658 3208 faciem
682 3145 768 3208 salua
792 3154 824 3207 et
844 3149 966 3225 integra
981 3154 1142 3226 potestate
1158 3145 1335 3208 transferre.
1369 3145 1442 3227 quid
1455 3143 1527 3204 enirn
1584 3199 1585 3202 ,

313 3250 461 3332 prohibet
484 3271 543 3312 nos
566 3251 696 3314 beatam
720 3254 816 3314 uitam
840 3246 944 3314 dicere‘
968 3252 1100 3314 liberum
1125 3253 1265 3314 animum
1290 3262 1322 3314 et
1347 3261 1479 3315 erectum
1502 3256 1529 3308 et
1584 3269 1585 3288 ³

313 3358 486 3420 interritum
511 3377 548 3418 ac
571 3357 734 3432 stabilem,
765 3367 858 3420 extra
881 3368 1018 3433 metum,
1050 3369 1143 3422 extra
1165 3359 1372 3440 cupiditatem
1396 3357 1528 3440 positum,

314 3463 362 3524 cui
384 3483 480 3525 unum
504 3463 625 3526 bonum
648 3464 688 3526 sit
710 3462 868 3539 honestaS,
892 3455 987 3526 unum
1012 3464 1130 3527 malum
1154 3465 1327 3546 turpitudo,
1352 3473 1452 3527 cetera
1470 3459 1529 3521 uilis

274 3585 300 3626 so
314 3567 407 3630 turba
439 3588 542 3632 rerum
575 3588 634 3631 nec
665 3569 834 3666 detrahens
864 3570 1032 3651 quicquam
1064 3570 1179 3634 beatae
1209 3569 1293 3634 uitae
1316 3592 1376 3634 nec
1398 3568 1529 3638 adiciens,

405 3814 430 3865 ’1
457 3818 544 3864 cuncta
568 3815 731 3879 pulcherrime
755 3817 851 3879 patiens
870 3812 998 3886 Maduiqr
1024 3822 1080 3867 tunc
1103 3818 1269 3882 pulcherrima
1294 3823 1324 3872 et,
1344 3819 1435 3883 patiens
1457 3810 1527 3868 cod.;

314 3907 373 3955 erat
391 3917 452 3954 oum
471 3900 620 3954 conicerem
640 3885 880 3968 tunc'pulcherrima
899 3905 1024 3968 adpetens,
1043 3904 1082 3958 ito
1097 3903 1206 3974 quidem
1219 3910 1249 3958 ut
1261 3904 1330 3960 hacc
1342 3907 1529 3975 opponerentur

314 3988 406 4043 uerbis
425 3997 482 4054 apta
501 3991 652 4053 temporibus
742 3989 757 4042 3
777 3992 871 4040 illarum
885 4008 963 4041 rerum
979 3991 1073 4062 Neap,
1092 4010 1172 4043 rerum
1186 3990 1326 4047 Muretus:
1348 3995 1445 4043 aliarum
1456 4004 1528 4038 rerum

404 4077 420 4129 7
444 4090 491 4142 pro
510 4076 674 4141 uoluptatibus
695 4075 744 4130 El:
772 4079 938 4145 uoluptatibus
1040 4099 1086 4146 que
1195 4081 1212 4135 8
1238 4089 1262 4132 et
1280 4083 1424 4147 turpissimis
1440 4077 1528 4142 flagitiis

305 4166 424 4220 ,obnoxia
437 4161 532 4218 Koch:
553 4170 577 4213 et
595 4165 654 4228 ipsis
672 4166 770 4230 flagitiis
789 4169 863 4216 noxia
937 4170 1084 4235 11qu0q;*
1157 4171 1190 4223 12
1209 4187 1260 4220 non
1273 4173 1361 4221 iisdem
1375 4167 1525 4224 deteriores:

315 4268 365 4301 non
384 4254 451 4302 idem
543 4249 575 4302 15
595 4253 656 4301 eade
736 4253 767 4322 16
787 4256 878 4304 eisdem
957 4255 1066 4309 201icet
1088 4255 1185 4312 Gertz:
1206 4261 1267 4310 libet
1341 4261 1372 4312 21
1394 4258 1501 4318 malumqt
1516 4271 1528 4294 ⁴
1583 4277 1584 4286 ¹

404 4340 438 4393 22
463 4339 560 4389 honesti
579 4340 710 4407 cultorem,
736 4343 822 4392 uirtute
841 4349 980 4394 contentum
999 4342 1129 4416 Modm'p:
1156 4348 1254 4398 honesti
1273 4351 1359 4402 cultor.
1378 4349 1455 4397 uirtute
1471 4358 1526 4392 con·

317 4432 393 4475 tentus
