3212 5326
283 361 325 422 46
665 355 744 396 nint.
760 355 801 397 111.
818 355 858 396 De
872 355 924 394 IRA
939 354 994 397 ΗΒ.
1011 355 1027 397 1.
1044 359 1077 398 11.
1092 359 1126 398 12.

282 500 378 564 uallat
401 509 434 562 et
456 500 585 564 includit
608 500 743 576 hostem,
767 521 807 562 eo
831 500 979 583 conpulit,
1011 511 1045 563 ut
1076 501 1161 564 serro
1187 502 1245 583 ipsi
1267 522 1325 563 suo
1350 499 1508 565 caderent.

282 629 347 670 non
377 615 426 670 est
454 610 559 689 itaque
590 607 671 669 utilis
702 627 743 670 ne
773 609 804 669 in
834 606 960 689 proeliis
990 609 1120 688 quidem
1150 618 1205 670 aut
1244 607 1332 670 bellis
1370 609 1425 668 ira.
1478 607 1534 673 inu

281 716 493 777 temeritatem
524 717 606 776 enim
637 735 739 796 prona
769 723 832 789 est,
864 724 896 776 et
926 714 1062 798 pericula
1094 718 1171 778 dum
1203 714 1314 778 inferre
1337 714 1420 789 uult,
1445 735 1507 776 non

224 873 235 890 ‚
282 829 383 885 canet.
427 819 479 884 illa
502 823 673 884 certissima
704 829 753 883 est
784 823 880 882 uirtus
910 841 992 903 quae
1022 842 1057 884 se
1080 823 1133 884 diu
1157 821 1354 903 multumque
1377 823 1506 883 circum·
1596 824 1597 862 i

255 929 387 1009 aspexit
412 937 450 989 et.
466 929 549 989 rexit
572 935 604 990 et
628 948 670 988 ex
693 927 780 989 lento
804 948 842 990 ac
866 928 1025 990 destinato
1048 931 1205 1010 prouexit.

370 1035 439 1098 XII.
464 1033 551 1115 Quid
583 1037 681 1114 ergo?
713 1035 827 1116 inquit,
869 1036 915 1096 uir
944 1036 1048 1097 bonus
1080 1057 1144 1096 non
1171 1037 1337 1110 irascetur,
1370 1036 1396 1095 si
1420 1035 1532 1096 caedit

281 1149 405 1223 patrem
427 1162 519 1203 suum
547 1142 674 1216 uiderit,
707 1142 733 1202 si
756 1142 822 1222 rapi
846 1144 1001 1202 matrem?
1047 1162 1111 1203 non
1138 1143 1304 1216 irascetur,
1327 1142 1385 1202 sed
1409 1141 1505 1201 uindi-

281 1246 381 1322 cabit,
412 1249 470 1309 sed
492 1248 638 1310 tuebitur.
698 1249 773 1327 quid
801 1257 907 1309 autem
938 1249 1046 1322 timeS,
1085 1269 1126 1309 ne
1160 1269 1273 1331 parum
1304 1267 1440 1327 magnus
1470 1245 1507 1308 ilii

280 1354 424 1416 stimulus
455 1356 550 1417 etiam
580 1356 648 1416 sine
677 1355 722 1416 ira
751 1355 852 1435 pietas
875 1355 935 1416 sit?
974 1363 1027 1416 aut
1059 1357 1109 1416 dic
1132 1356 1247 1416 eodem
1280 1355 1399 1416 modo:
1435 1353 1506 1432 quid

244 1481 267 1520 ro
281 1464 378 1542 ergo?
419 1482 491 1524 cum
523 1461 629 1523 uideat
660 1463 759 1522 secari
780 1470 905 1542 patrem
933 1482 1025 1522 suum
1048 1461 1202 1536 filiumue,
1234 1462 1280 1523 uir
1309 1460 1413 1521 bonus
1446 1480 1506 1521 non

280 1567 368 1629 flebit
383 1588 443 1630 nec
457 1568 614 1649 linquetur
636 1569 763 1630 animo?
787 1589 868 1648 quae
884 1570 1028 1630 accidere
1049 1567 1170 1631 seminis
1187 1570 1339 1642 uidemus
1362 1567 1506 1648 quotiens

281 1673 347 1735 illas
371 1673 447 1735 leuis
463 1673 591 1755 periculi
613 1675 748 1755 suspicio
770 1674 911 1756 perculit.
950 1673 1054 1737 osficia
1072 1696 1130 1736 sua
1153 1676 1199 1737 uir
1214 1675 1317 1736 bonus
1334 1679 1533 1756 exequetur?

281 1779 477 1860 inconfusuS,
510 1782 690 1862 intrepidus
737 1789 768 1842 et
799 1783 844 1842 sic
881 1782 970 1843 bono
1002 1783 1070 1843 uiro
1104 1782 1200 1862 digna
1230 1780 1340 1856 saciet,
1371 1788 1406 1840 ut
1437 1778 1506 1841 nihil

281 1886 374 1949 saciat
404 1888 472 1949 uiro
510 1889 682 1968 indignum.
736 1898 827 1967 pater
854 1887 1021 1949 caedetur:
1064 1887 1242 1949 defendam.
1297 1907 1407 1949 caesus
1440 1895 1502 1947 est:

243 2010 266 2050 n
282 2014 438 2075 exequar,
462 1995 535 2074 quia
558 2002 703 2075 oportet,
728 2014 791 2055 non
823 1995 896 2075 quia
928 1993 1025 2057 dolet.
1070 1996 1242 2056 irascuntur
1270 1994 1347 2056 boni
1371 1994 1427 2054 uiri
1450 1997 1531 2075 pr03

281 2121 409 2163 suorum
444 2101 567 2164 iniuriis.
614 2121 686 2162 cum
717 2099 780 2162 hoc
811 2102 900 2175 dicis,
932 2099 1173 2182 Theophraste,
1206 2103 1329 2182 quaeris
1360 2101 1504 2162 inuidiam

280 2192 456 2288 praeceptis
486 2206 666 2269 fortioribus
698 2214 730 2269 et
759 2207 869 2268 relicto
904 2208 1006 2269 iudice
1036 2208 1078 2268 ad
1110 2227 1262 2269 coronam
1294 2208 1391 2272 uenis,
1438 2207 1504 2286 quia

280 2315 492 2396 unusquisque
521 2316 552 2376 in
584 2315 748 2382 eiusmodi,
761 2335 891 2375 suorum
915 2334 988 2375 casu
1012 2315 1168 2388 irascitur,
1200 2322 1293 2395 putas
1317 2315 1504 2376 iudicaturos

280 2419 424 2482 homines
448 2421 480 2482 id
502 2420 568 2482 fieri
592 2418 725 2494 debere,
756 2422 844 2501 quod
866 2419 990 2483 faciunt.
1037 2420 1103 2482 fere
1131 2422 1213 2482 enim
1237 2421 1354 2482 iustum
1376 2423 1503 2501 quisque

240 2550 266 2590 n
280 2525 440 2589 adiectum
460 2528 584 2602 iudicat,
608 2545 704 2607 quem
727 2528 903 2607 adgnoscit.
942 2528 1000 2588 sed
1023 2529 1109 2588 idem
1132 2525 1256 2602 iaciunt,
1280 2529 1305 2588 si
1329 2527 1422 2590 calda
1444 2532 1531 2595 nont

279 2633 363 2695 bene
393 2633 577 2714 praebetur,
608 2634 634 2695 si
665 2634 799 2695 uitreum
827 2633 971 2706 fractum,
985 2642 1049 2709 est,
1080 2635 1106 2695 si
1135 2633 1259 2696 calceus
1290 2633 1359 2695 luto
1382 2653 1501 2714 sparsus

280 2749 336 2802 est.
382 2760 447 2801 non
476 2740 577 2822 pietas
608 2739 693 2802 iliam
724 2741 818 2815 iram,
849 2742 907 2802 sed
937 2740 1100 2802 infirmitas
1131 2749 1253 2815 mouet,
1287 2741 1366 2802 sicut
1395 2739 1501 2821 pueris,

279 2848 332 2928 qui
355 2856 421 2909 tam
445 2847 627 2929 parentibus
650 2847 771 2908 amissis
794 2846 915 2908 flebunt
937 2867 1033 2927 quam
1061 2847 1200 2911 nucibus.
1246 2848 1336 2909 irasci
1364 2867 1422 2928 pro
1446 2845 1531 2906 suist

280 2973 345 3016 non
369 2963 416 3014 est
438 2955 480 3034 pii
504 2954 614 3028 animi,
645 2955 702 3015 sed
732 2953 853 3017 infirmi.
904 2950 979 3015 illud
1010 2953 1176 3034 pulchrum
1208 2955 1418 3033 dignumque,
1447 2971 1501 3033 pro

239 3079 266 3118 25
280 3060 476 3140 parentibus,
499 3059 617 3134 liberis,
641 3061 757 3134 amiciS,
789 3059 908 3122 ciuibus
935 3061 1063 3142 prodire
1086 3059 1286 3122 defensorem
1311 3061 1381 3140 ipso
1406 3057 1501 3120 officio

281 3167 432 3240 ducente,
464 3165 641 3241 uolentem,
672 3167 879 3241 iudicantem,
910 3167 1148 3248 prouidentem,
1187 3187 1252 3228 non
1289 3166 1444 3248 inpulsum
1472 3171 1502 3224 ct

281 3271 434 3334 rabidum.
481 3271 581 3334 nuilus
612 3274 695 3335 enim
727 3271 870 3334 adfectus
901 3273 1078 3334 uindicandi
1110 3273 1251 3354 cupidior
1274 3281 1322 3335 est
1346 3293 1439 3354 quam
1460 3272 1502 3332 ira

281 3386 313 3439 et
337 3377 380 3440 ob
411 3379 444 3440 id
475 3379 577 3460 ipsum
609 3380 650 3440 ad
682 3379 903 3440 uindicandbm
928 3378 1090 3441 inhabilis:
1124 3381 1313 3461 praerapida
1337 3388 1369 3441 et
1391 3396 1502 3449 amens,

281 3625 295 3677 1
316 3622 407 3676 malim
425 3626 508 3674 hostes
522 3633 641 3696 propter
659 3625 827 3696 insequentia
911 3625 928 3677 2
946 3619 1030 3692 pretiis
1120 3613 1191 3692 6'iqt
1211 3627 1231 3692 (t
1250 3641 1288 3678 ex
1307 3625 1419 3690 deorr.)

281 3715 398 3762 irascetur
416 3710 554 3766 Muretus:
576 3717 687 3765 irascitur
814 3714 920 3779 ipatre
940 3715 978 3781 (in
997 3716 1064 3781 ras.)
1182 3715 1215 3768 10
1234 3716 1323 3764 uiderit
1342 3709 1503 3768 commendat

283 3817 373 3885 Gertz,
393 3817 473 3871 habet
491 3819 544 3871 iem
562 3818 676 3892 Neapol.
774 3820 808 3872 12
828 3822 968 3891 exssequetur
985 3819 1054 3888 eod,
1077 3819 1167 3889 Gertz,
1186 3819 1269 3891 nulqo
1289 3823 1422 3886 exsequitur

282 3927 313 3979 15
338 3925 455 3994 exiequar
563 3930 699 3977 irascuntur
716 3929 778 3977 boni
796 3930 842 3978 uiri
866 3946 912 3994 pro
931 3945 1029 3978 suorum
1049 3930 1141 3978 iniuriis
1158 3943 1229 3998 quae
1242 3928 1269 3980 ire
1282 3925 1377 3980 codice
1388 3931 1413 3979 et
1424 3921 1502 3991 uulqo

236 4031 239 4035 ⁴
281 4049 409 4120 loquutur
426 4048 504 4118 infra
524 4055 556 4104 20
571 4057 636 4122 post
655 4054 768 4118 agnoscit
786 4050 839 4105 lanc
856 4053 1000 4106 reuocauit
1020 4050 1101 4106 Gertz
1220 4052 1253 4105 1ss
1273 4011 1414 4119 thmpliaste

280 4173 315 4227 20
335 4177 426 4227 affectu
535 4159 666 4242 adgnoscit
778 4175 812 4228 22
832 4162 968 4244 infirmatas
987 4180 1133 4245 (superser.
1153 4176 1173 4242 i)
1280 4176 1314 4229 24
1333 4177 1385 4226 illut
1398 4177 1415 4238 (t
1432 4185 1501 4225 corr.

281 4281 309 4333 r'n
328 4282 354 4348 d)
402 4309 404 4316 ι
494 4281 528 4334 26
547 4284 650 4332 ducente
670 4282 696 4349 (n
714 4297 786 4336 corr.
806 4298 844 4335 ex
863 4283 898 4349 m)
1035 4284 1156 4333 uolentem
1176 4280 1255 4338 dett:
1276 4284 1373 4332 nolente

281 4369 316 4421 27
335 4373 434 4421 affectus
573 4369 607 4423 28
626 4372 743 4452 inhabilis
762 4377 797 4420 est
818 4369 900 4424 Gertz
1037 4372 1186 4436 praerapida
1205 4368 1343 4436 Muretus,
1362 4365 1501 4436 praerabida

281 4454 443 4511 Pincianus:
464 4461 623 4525 praerapidus
