3212 5326
442 319 574 366 omblv.
603 321 644 362 DE
659 321 710 362 tan
726 320 781 366 LlB.
797 323 826 366 11.
854 324 935 368 ltili.
1260 332 1299 392 75

98 471 181 534 lacere
202 488 296 550 quam
320 467 401 542 iecit,
426 486 484 530 nec
507 468 549 530 ad
572 476 659 530 tuam
684 467 909 532 contumeliam
932 489 1044 552 parum
1068 469 1183 532 didicit.
1223 468 1301 532 alius

96 597 147 639 non
166 577 194 637 in
215 575 276 636 hoc
299 582 334 637 ut
357 582 388 636 te
412 573 588 636 offenderet
611 573 692 638 fecit.
724 576 765 638 ad
789 573 933 637 ultimum
956 576 1033 656 quid
1056 584 1104 638 est
1123 576 1299 638 dementius
1321 585 1324 595 ’

71 684 81 736 l
95 703 173 766 quarn
200 680 293 744 bilem
318 682 349 743 in
374 679 518 744 homines
542 681 707 744 collectam
732 682 764 743 in
786 701 836 744 res
867 680 1047 744 effundere?
1086 683 1173 763 atqui
1196 691 1230 744 ut
1253 681 1300 744 his

95 790 165 852 irasci
186 789 341 850 dementis
365 797 421 863 est,
445 807 527 868 quae
550 788 654 850 anima
677 796 793 862 carent,
817 789 861 850 sic
884 789 978 850 mutis
1001 787 1195 863 animalibus,
1218 807 1300 871 quae

61 905 65 916 '
94 895 190 958 nullam
219 895 361 957 iniuriam
386 893 477 958 nobis
508 893 636 969 iaciunt,
668 895 741 976 quia
773 892 852 957 uelle
883 915 947 956 non
977 904 1129 976 possunt:
1164 903 1300 958 nonest
1328 917 1340 956 s

94 1004 159 1064 enirn
182 1003 290 1064 iniuria
312 1001 370 1064 nisi
393 1021 411 1062 a
434 1000 562 1062 consilio
586 999 736 1083 profecta.
782 1019 897 1064 nocere
923 1001 1029 1084 itaque
1053 987 1144 1063 nobis
1167 1009 1301 1083 possunt

70 1117 80 1162 ἴ»
94 1119 119 1171 ut
143 1107 253 1170 serrum
285 1117 339 1170 aut
369 1105 461 1189 lapis,
492 1107 633 1170 iniuriam
662 1108 790 1188 quidem
813 1106 917 1170 facere
941 1127 1004 1170 non
1027 1117 1168 1190 possunt.
1214 1109 1301 1190 atqui

93 1215 233 1278 contemni
263 1235 298 1276 se
329 1215 457 1296 quidam
489 1221 617 1296 putant,
648 1213 702 1276 ubi
733 1215 827 1276 iidem
859 1215 930 1294 equi
968 1214 1181 1296 obsequentes
1211 1213 1299 1276 alteri

93 1322 177 1402 equiti,
199 1318 288 1384 alteri
311 1329 514 1384 contumaces
537 1329 618 1396 sunt,
642 1329 805 1402 tamquam
829 1321 952 1396 iudicio,
980 1339 1045 1383 non
1073 1322 1299 1384 consuetudine

68 1437 78 1486 l
92 1436 116 1489 et
134 1436 195 1490 arte
225 1427 382 1490 tractandi
412 1427 569 1508 quaedam
600 1427 789 1509 quibusdam
821 1426 1010 1490 subiectiora
1039 1427 1109 1490 sint.
1155 1429 1241 1508 atqui
1264 1435 1298 1490 ut
1314 1446 1339 1488 ro

91 1533 127 1596 his
153 1534 238 1596 irasci
268 1533 398 1596 stultum
430 1541 493 1608 est,
540 1535 583 1596 ita
614 1533 718 1616 pueris
749 1541 781 1595 et
819 1553 883 1594 non
914 1531 1047 1596 multum
1079 1555 1098 1596 a
1128 1539 1298 1616 puerorum

91 1641 236 1722 prudentia
271 1639 468 1704 distantibus.
514 1641 621 1702 omnia
651 1641 735 1702 enim
773 1641 833 1702 ista
871 1649 1002 1722 peccata
1039 1641 1123 1722 apud
1162 1659 1297 1720 aequum

91 1747 205 1808 iudicem
228 1766 286 1828 pro
310 1747 488 1808 innocentia
512 1746 631 1810 habent
653 1747 895 1829 inprudentiam.

70 1861 75 1910 l
162 1851 294 1916 XXVII.
328 1851 496 1934 Quaedam
527 1862 601 1914 sunt
628 1873 709 1934 quae
737 1872 853 1914 nocere
875 1873 939 1914 non
963 1861 1095 1934 possunt
1119 1851 1298 1934 nullamque

90 1961 140 2022 uirn
160 1960 213 2022 nisi
236 1958 412 2022 beneficam
437 1967 470 2022 et
493 1957 662 2022 salutarem
686 1959 813 2034 habent,
837 1967 872 2021 ut
895 1959 927 2020 di
950 1957 1140 2033 inmortales,
1164 1959 1215 2040 qui
1240 1977 1337 2021 neers

90 2065 181 2128 uolunt
202 2066 319 2128 obesse
342 2085 400 2128 nec
423 2073 564 2148 possunt.
611 2073 722 2128 natura
745 2066 828 2127 enim
851 2063 909 2128 illis
932 2064 1015 2126 mitis
1039 2072 1072 2126 et
1094 2063 1217 2146 placida
1240 2073 1297 2138 est,

66 2179 142 2234 stam
164 2171 255 2251 longe
279 2180 404 2234 remota
427 2171 468 2234 ab
493 2170 593 2234 aliena
615 2171 722 2234 iniuria
744 2192 839 2253 quam
863 2191 883 2232 a
905 2191 970 2234 sua.
1002 2159 1168 2232 dementes
1191 2171 1297 2252 itaque

90 2287 114 2338 et
133 2278 222 2358 ignari
246 2278 385 2340 ueritatis
409 2277 466 2340 illis
489 2279 633 2361 inputant
656 2277 818 2341 saeuitiam
843 2277 946 2352 maris,
968 2277 1147 2339 inmodicos
1170 2275 1296 2352 imbreS,

89 2385 271 2464 pertinaciam
296 2383 423 2460 hiemis,
455 2405 526 2446 cum
560 2385 682 2447 interim
713 2382 787 2446 nihil
814 2383 929 2446 horum
960 2403 1042 2465 quae
1065 2383 1157 2444 nobis
1180 2392 1295 2444 nocent

90 2501 263 2572 prosuntque
286 2492 329 2553 ad
352 2510 411 2552 nos
434 2492 561 2572 proprie
585 2491 752 2572 derigatur.
784 2491 950 2552 nonenim
974 2510 1033 2552 nos
1057 2509 1151 2552 causa
1174 2490 1294 2552 mundo
1308 2515 1336 2556 ro

89 2615 178 2660 snmus
207 2596 345 2660 hiemem
377 2606 595 2678 aestatemque
625 2597 798 2660 referendi:
842 2617 914 2660 suas
946 2597 1005 2658 ista
1042 2595 1129 2677 leges
1164 2595 1295 2670 babent,

89 2703 183 2783 quibus
212 2704 316 2766 diuina
348 2713 543 2767 exercentur.
591 2704 682 2766 nimis
714 2722 773 2766 nos
804 2703 1004 2784 suspicimuS,
1038 2703 1063 2764 si
1094 2703 1179 2783 digni
1204 2701 1294 2763 nobis

90 2808 213 2872 uidemur
243 2819 374 2892 propter
403 2830 484 2892 quos
515 2817 604 2872 tanta
640 2819 836 2872 moueantur.
883 2807 957 2871 nihil
996 2829 1073 2889 ergo
1113 2808 1226 2870 horum
1265 2793 1305 2869 in'

64 2923 75 2970 :r
90 2924 211 2978 nostram
235 2917 375 2978 iniuriam
400 2915 443 2991 fit,
468 2916 567 2978 immo
591 2925 702 2978 contra
720 2915 794 2978 nihil
816 2937 881 2978 non
904 2915 947 2977 ad
962 2895 1106 2977 salutem.
1137 2915 1294 2996 quaedam

90 3038 146 3082 esse
165 3022 297 3084 diximus
329 3043 410 3104 quae
441 3042 556 3086 nocere
580 3043 643 3084 non
667 3023 798 3105 possint,
825 3021 983 3103 quaedam
1008 3040 1089 3102 quae
1112 3018 1219 3083 nolint.
1265 3021 1295 3082 in
1310 3047 1336 3088 rs

89 3124 117 3186 iis
137 3137 218 3190 erunt
240 3128 317 3190 boni
341 3129 543 3210 magistratus
571 3137 782 3210 parentesque
814 3137 845 3190 et
868 3137 1091 3210 praeceptores
1115 3135 1147 3190 et
1170 3127 1296 3202 iudices,

90 3251 205 3312 quorum
238 3235 405 3315 castigatio
428 3235 472 3298 sic
496 3235 678 3316 accipienda
702 3245 750 3297 est
773 3236 938 3315 quomodo
962 3233 1143 3316 scalpellum
1168 3241 1200 3296 et
1222 3233 1295 3296 abs-

63 3337 199 3402 ltinentia
229 3349 261 3404 et
292 3340 353 3403 alia
384 3361 465 3422 quae
495 3340 660 3422 profutura
691 3348 848 3422 torquent.
894 3338 1009 3403 adfecti
1040 3359 1147 3402 sumus
1170 3359 1292 3421 poena:

87 3456 227 3509 succurrat
250 3467 315 3509 non
339 3452 462 3510 tantum
486 3448 562 3529 quid
584 3448 754 3528 patiamur,
781 3448 839 3509 sed
863 3447 938 3527 quid
962 3445 1142 3522 fecerimuS,
1166 3446 1196 3508 in
1220 3466 1295 3509 con·

115 3631 280 3642 0-——-

87 3761 99 3812 :3
115 3763 181 3812 bilem
200 3765 226 3831 (b
246 3763 331 3830 corr.)
404 3766 470 3830 atqui
484 3764 503 3834 (t
516 3765 600 3832 corr.)
674 3763 689 3816 ·l
710 3781 756 3830 qne
775 3762 902 3830 (enarr.)
977 3763 1055 3829 latq
1074 3763 1158 3830 (corr.
1177 3777 1215 3816 ex
1234 3763 1294 3828 adq)

169 3853 320 3920 dcuntr'apni
417 3855 483 3904 idem
503 3855 521 3919 (i
541 3853 624 3920 corr.)
728 3854 889 3917 obsequentes
908 3849 952 3918 (ob
971 3850 999 3904 in
1019 3866 1085 3917 ras,
1104 3849 1215 3904 uidetur
1233 3859 1296 3904 ante

87 3961 133 4016 P⁰⁵t
145 3955 237 4024 fuisse,
256 3977 273 4026 p
292 3963 367 4013 cerie
384 3963 502 4030 apparet
519 3958 605 4026 initio)
704 3950 896 4012 9contumace⁵
995 3961 1086 4024 tanqua‘t
1177 3957 1211 4010 12
1230 3958 1296 4022 apuu

87 4039 107 4106 (d
124 4044 147 4096 in
164 4052 172 4095 t
189 4047 271 4116 corr.)
367 4047 397 4098 tl
417 4055 518 4114 possunt
536 4047 636 4101 ceteri:
657 4048 751 4112 possint
843 4045 875 4098 lu
895 4047 929 4096 dii
948 4047 1100 4096 immortales
1119 4047 1138 4114 (i
1157 4047 1191 4095 im
1210 4043 1294 4110 corr.)

177 4135 209 4188 20
227 4137 369 4202 desigantur
387 4135 458 4200 cod„
481 4138 600 4202 dirigatur
619 4133 668 4190 alii
780 4133 814 4187 22
839 4136 864 4184 ui
883 4135 966 4184 diuina
987 4131 1111 4204 Madvig,
1137 4131 1188 4187 sed
1211 4133 1295 4182 diuina
1381 4177 1382 4183 ,

86 4233 130 4273 non
152 4229 260 4307 estkcur
285 4222 417 4294 offendar,
444 4223 524 4280 modo
548 4226 636 4290 quibus
655 4221 742 4295 paulo
769 4221 925 4293 benigniore
948 4221 1171 4294 interpretatione
1189 4220 1226 4274 ita
1245 4235 1295 4274 erc-

82 4323 200 4392 plr'cemus
217 4347 307 4398 nempe
326 4348 368 4382 eas
386 4333 473 4398 quibus
552 4332 585 4386 23
605 4325 665 4397 quos
757 4345 816 4396 ergo
836 4329 962 4396 (iuras.)
1047 4315 1083 4382 25
1100 4329 1186 4378 nollint
1205 4327 1295 4397 (prior

86 4411 163 4484 luel)
231 4420 265 4472 28
286 4422 368 4471 affecti
440 4437 505 4486 pena
