<?xml version="1.0" encoding="UTF-8"?>
<!DOCTYPE html PUBLIC "-//W3C//DTD XHTML 1.0 Transitional//EN"
    "http://www.w3.org/TR/xhtml1/DTD/xhtml1-transitional.dtd">
<html xmlns="http://www.w3.org/1999/xhtml" xml:lang="en" lang="en">
 <head>
  <title>
</title>
<meta http-equiv="Content-Type" content="text/html;charset=utf-8" />
  <meta name='ocr-system' content='tesseract 3.04.00' />
  <meta name='ocr-capabilities' content='ocr_page ocr_carea ocr_par ocr_line ocrx_word'/>
</head>
<body>
  <div class='ocr_page' id='page_1' title='image "./lannaeisenecaed01vahlgoog_0075.png"; bbox 0 0 3234 5336; ppageno 0'>
   <div class='ocr_carea' id='block_1_1' title="bbox 308 379 1257 446">
    <p class='ocr_par' dir='ltr' id='par_1_1' title="bbox 308 379 1257 446">
     <span class='ocr_line' id='line_1_1' title="bbox 308 379 1257 446; baseline 0.002 -26"><span class='ocrx_word' id='word_1_1' title='bbox 308 385 350 446; x_wconf 74' lang='lat'>34</span> <span class='ocrx_word' id='word_1_2' title='bbox 582 379 663 420; x_wconf 80' lang='lat' dir='ltr'>DlAL.</span> <span class='ocrx_word' id='word_1_3' title='bbox 683 379 712 424; x_wconf 89' lang='lat'>11.</span> <span class='ocrx_word' id='word_1_4' title='bbox 732 380 774 421; x_wconf 75' lang='lat' dir='ltr'>Ao</span> <span class='ocrx_word' id='word_1_5' title='bbox 794 379 935 420; x_wconf 77' lang='lat' dir='ltr'>SERENVM</span> <span class='ocrx_word' id='word_1_6' title='bbox 955 379 1015 421; x_wconf 84' lang='lat' dir='ltr'>NEC</span> <span class='ocrx_word' id='word_1_7' title='bbox 1034 381 1176 422; x_wconf 84' lang='lat' dir='ltr'>lNlVRlAM</span> <span class='ocrx_word' id='word_1_8' title='bbox 1196 381 1257 422; x_wconf 69' lang='lat' dir='ltr'>Nnc</span> 
     </span>
    </p>
   </div>
   <div class='ocr_carea' id='block_1_2' title="bbox 260 525 1600 4420">
    <p class='ocr_par' dir='ltr' id='par_1_2' title="bbox 260 525 1600 4420">
     <span class='ocr_line' id='line_1_2' title="bbox 304 525 1545 608; baseline 0.001 -21"><span class='ocrx_word' id='word_1_9' title='bbox 304 525 410 587; x_wconf 82' lang='lat' dir='ltr'>diurn!</span> <span class='ocrx_word' id='word_1_10' title='bbox 453 525 613 588; x_wconf 85' lang='lat' dir='ltr'>Chaereae</span> <span class='ocrx_word' id='word_1_11' title='bbox 644 533 767 601; x_wconf 87' lang='lat' dir='ltr'>contra,</span> <span class='ocrx_word' id='word_1_12' title='bbox 800 526 927 588; x_wconf 92' lang='lat' dir='ltr'>tribuno</span> <span class='ocrx_word' id='word_1_13' title='bbox 958 525 1105 601; x_wconf 92' lang='lat' dir='ltr'>militum,</span> <span class='ocrx_word' id='word_1_14' title='bbox 1136 545 1242 589; x_wconf 92' lang='lat' dir='ltr'>sermo</span> <span class='ocrx_word' id='word_1_15' title='bbox 1266 547 1332 588; x_wconf 90' lang='lat' dir='ltr'>non</span> <span class='ocrx_word' id='word_1_16' title='bbox 1354 548 1412 608; x_wconf 91' lang='lat' dir='ltr'>pro</span> <span class='ocrx_word' id='word_1_17' title='bbox 1434 540 1545 590; x_wconf 83' lang='lat' dir='ltr'>manu3</span> 
     </span>
     <span class='ocr_line' id='line_1_3' title="bbox 305 631 1518 714; baseline 0 -20"><span class='ocrx_word' id='word_1_18' title='bbox 305 643 387 708; x_wconf 89' lang='lat' dir='ltr'>erat,</span> <span class='ocrx_word' id='word_1_19' title='bbox 419 631 586 713; x_wconf 86' lang='lat' dir='ltr'>languidus</span> <span class='ocrx_word' id='word_1_20' title='bbox 617 653 698 694; x_wconf 89' lang='lat' dir='ltr'>sono</span> <span class='ocrx_word' id='word_1_21' title='bbox 732 642 777 706; x_wconf 87' lang='lat' dir='ltr'>et,</span> <span class='ocrx_word' id='word_1_22' title='bbox 809 633 840 693; x_wconf 92' lang='lat' dir='ltr'>ni</span> <span class='ocrx_word' id='word_1_23' title='bbox 862 632 945 694; x_wconf 90' lang='lat' dir='ltr'>sacta</span> <span class='ocrx_word' id='word_1_24' title='bbox 968 653 1087 708; x_wconf 89' lang='lat' dir='ltr'>nosses,</span> <span class='ocrx_word' id='word_1_25' title='bbox 1111 633 1295 714; x_wconf 89' lang='lat' dir='ltr'>suspectior.</span> <span class='ocrx_word' id='word_1_26' title='bbox 1341 633 1412 695; x_wconf 92' lang='lat' dir='ltr'>huic</span> <span class='ocrx_word' id='word_1_27' title='bbox 1434 633 1518 696; x_wconf 87' lang='lat' dir='ltr'>Gaius</span> 
     </span>
     <span class='ocr_line' id='line_1_4' title="bbox 305 738 1519 821; baseline 0 -21"><span class='ocrx_word' id='word_1_28' title='bbox 305 739 430 820; x_wconf 84' lang='lat' dir='ltr'>signum</span> <span class='ocrx_word' id='word_1_29' title='bbox 461 740 581 819; x_wconf 91' lang='lat' dir='ltr'>petenti</span> <span class='ocrx_word' id='word_1_30' title='bbox 612 740 713 802; x_wconf 92' lang='lat' dir='ltr'>modo</span> <span class='ocrx_word' id='word_1_31' title='bbox 743 738 892 814; x_wconf 78' lang='lat' dir='ltr'>VeneriS,</span> <span class='ocrx_word' id='word_1_32' title='bbox 923 740 1023 800; x_wconf 90' lang='lat' dir='ltr'>modo</span> <span class='ocrx_word' id='word_1_33' title='bbox 1057 739 1158 821; x_wconf 85' lang='lat' dir='ltr'>Priapi</span> <span class='ocrx_word' id='word_1_34' title='bbox 1189 740 1288 801; x_wconf 89' lang='lat' dir='ltr'>dabat</span> <span class='ocrx_word' id='word_1_35' title='bbox 1319 739 1407 801; x_wconf 91' lang='lat' dir='ltr'>aliter</span> <span class='ocrx_word' id='word_1_36' title='bbox 1436 749 1519 820; x_wconf 88' lang='lat' dir='ltr'>atque</span> 
     </span>
     <span class='ocr_line' id='line_1_5' title="bbox 306 843 1520 929; baseline -0.001 -21"><span class='ocrx_word' id='word_1_37' title='bbox 306 845 395 908; x_wconf 90' lang='lat' dir='ltr'>aliter</span> <span class='ocrx_word' id='word_1_38' title='bbox 411 846 609 927; x_wconf 87' lang='lat' dir='ltr'>exprobrans</span> <span class='ocrx_word' id='word_1_39' title='bbox 626 854 749 906; x_wconf 90' lang='lat' dir='ltr'>armato</span> <span class='ocrx_word' id='word_1_40' title='bbox 766 844 940 906; x_wconf 90' lang='lat' dir='ltr'>mollitiam.</span> <span class='ocrx_word' id='word_1_41' title='bbox 965 843 1044 906; x_wconf 90' lang='lat' dir='ltr'>haec</span> <span class='ocrx_word' id='word_1_42' title='bbox 1059 846 1126 926; x_wconf 92' lang='lat' dir='ltr'>ipse</span> <span class='ocrx_word' id='word_1_43' title='bbox 1141 843 1329 927; x_wconf 91' lang='lat' dir='ltr'>perlucidus,</span> <span class='ocrx_word' id='word_1_44' title='bbox 1346 846 1520 929; x_wconf 82' lang='lat' dir='ltr'>crepidatus,</span> 
     </span>
     <span class='ocr_line' id='line_1_6' title="bbox 265 949 1516 1034; baseline 0.001 -22"><span class='ocrx_word' id='word_1_45' title='bbox 265 973 279 1012; x_wconf 73' lang='lat' dir='ltr'>u</span> <span class='ocrx_word' id='word_1_46' title='bbox 307 961 442 1014; x_wconf 88' lang='lat' dir='ltr'>auratus.</span> <span class='ocrx_word' id='word_1_47' title='bbox 488 952 594 1032; x_wconf 85' lang='lat' dir='ltr'>coegit</span> <span class='ocrx_word' id='word_1_48' title='bbox 616 951 723 1032; x_wconf 90' lang='lat' dir='ltr'>itaque</span> <span class='ocrx_word' id='word_1_49' title='bbox 745 949 831 1012; x_wconf 94' lang='lat' dir='ltr'>illum</span> <span class='ocrx_word' id='word_1_50' title='bbox 855 952 900 1012; x_wconf 91' lang='lat' dir='ltr'>uti</span> <span class='ocrx_word' id='word_1_51' title='bbox 923 951 1015 1026; x_wconf 86' lang='lat' dir='ltr'>lerr0,</span> <span class='ocrx_word' id='word_1_52' title='bbox 1038 972 1079 1012; x_wconf 94' lang='lat' dir='ltr'>ne</span> <span class='ocrx_word' id='word_1_53' title='bbox 1102 952 1226 1034; x_wconf 89' lang='lat' dir='ltr'>saepius</span> <span class='ocrx_word' id='word_1_54' title='bbox 1248 952 1375 1032; x_wconf 85' lang='lat' dir='ltr'>signum</span> <span class='ocrx_word' id='word_1_55' title='bbox 1391 960 1516 1034; x_wconf 89' lang='lat' dir='ltr'>peteret:</span> 
     </span>
     <span class='ocr_line' id='line_1_7' title="bbox 308 1057 1537 1140; baseline 0 -20"><span class='ocrx_word' id='word_1_56' title='bbox 308 1058 359 1121; x_wconf 90' lang='lat' dir='ltr'>ille</span> <span class='ocrx_word' id='word_1_57' title='bbox 381 1058 500 1140; x_wconf 92' lang='lat' dir='ltr'>primus</span> <span class='ocrx_word' id='word_1_58' title='bbox 523 1058 603 1119; x_wconf 91' lang='lat' dir='ltr'>inter</span> <span class='ocrx_word' id='word_1_59' title='bbox 627 1058 805 1119; x_wconf 91' lang='lat' dir='ltr'>coniuratos</span> <span class='ocrx_word' id='word_1_60' title='bbox 829 1077 958 1120; x_wconf 89' lang='lat' dir='ltr'>manum</span> <span class='ocrx_word' id='word_1_61' title='bbox 982 1057 1119 1132; x_wconf 80' lang='lat' dir='ltr'><strong>sustulit,</strong></span> <span class='ocrx_word' id='word_1_62' title='bbox 1143 1057 1193 1119; x_wconf 93' lang='lat' dir='ltr'>ille</span> <span class='ocrx_word' id='word_1_63' title='bbox 1216 1059 1371 1120; x_wconf 89' lang='lat' dir='ltr'>ceruicem</span> <span class='ocrx_word' id='word_1_64' title='bbox 1396 1060 1537 1136; x_wconf 51' lang='lat' dir='ltr'>mediam¹</span> 
     </span>
     <span class='ocr_line' id='line_1_8' title="bbox 308 1164 1520 1247; baseline -0.001 -21"><span class='ocrx_word' id='word_1_65' title='bbox 308 1187 371 1228; x_wconf 92' lang='lat' dir='ltr'>uno</span> <span class='ocrx_word' id='word_1_66' title='bbox 405 1165 467 1226; x_wconf 92' lang='lat' dir='ltr'>ictu</span> <span class='ocrx_word' id='word_1_67' title='bbox 499 1165 624 1228; x_wconf 91' lang='lat' dir='ltr'>decidit.</span> <span class='ocrx_word' id='word_1_68' title='bbox 669 1164 839 1246; x_wconf 92' lang='lat' dir='ltr'>plurimum</span> <span class='ocrx_word' id='word_1_69' title='bbox 869 1165 984 1226; x_wconf 90' lang='lat' dir='ltr'>deinde</span> <span class='ocrx_word' id='word_1_70' title='bbox 1007 1165 1146 1246; x_wconf 92' lang='lat' dir='ltr'>undique</span> <span class='ocrx_word' id='word_1_71' title='bbox 1169 1164 1311 1247; x_wconf 91' lang='lat' dir='ltr'>publicas</span> <span class='ocrx_word' id='word_1_72' title='bbox 1335 1186 1373 1227; x_wconf 91' lang='lat' dir='ltr'>ac</span> <span class='ocrx_word' id='word_1_73' title='bbox 1395 1166 1520 1246; x_wconf 91' lang='lat' dir='ltr'>priuatas</span> 
     </span>
     <span class='ocr_line' id='line_1_9' title="bbox 306 1263 1521 1354; baseline -0.001 -21"><span class='ocrx_word' id='word_1_74' title='bbox 306 1272 430 1334; x_wconf 91' lang='lat' dir='ltr'>iniurias</span> <span class='ocrx_word' id='word_1_75' title='bbox 461 1271 674 1333; x_wconf 86' lang='lat' dir='ltr'>ulciscentium</span> <span class='ocrx_word' id='word_1_76' title='bbox 698 1263 876 1352; x_wconf 85' lang='lat' dir='ltr'>gladiorum</span> <span class='ocrx_word' id='word_1_77' title='bbox 900 1272 1059 1352; x_wconf 85' lang='lat' dir='ltr'>ingestum</span> <span class='ocrx_word' id='word_1_78' title='bbox 1084 1279 1144 1346; x_wconf 89' lang='lat' dir='ltr'>est,</span> <span class='ocrx_word' id='word_1_79' title='bbox 1176 1272 1234 1334; x_wconf 92' lang='lat' dir='ltr'>sed</span> <span class='ocrx_word' id='word_1_80' title='bbox 1257 1272 1378 1354; x_wconf 89' lang='lat' dir='ltr'>primus</span> <span class='ocrx_word' id='word_1_81' title='bbox 1402 1272 1446 1333; x_wconf 89' lang='lat' dir='ltr'>uir</span> <span class='ocrx_word' id='word_1_82' title='bbox 1466 1269 1521 1344; x_wconf 85' lang='lat' dir='ltr'>fuit,</span> 
     </span>
     <span class='ocr_line' id='line_1_10' title="bbox 304 1377 1547 1460; baseline -0.004 -20"><span class='ocrx_word' id='word_1_83' title='bbox 304 1379 357 1460; x_wconf 94' lang='lat' dir='ltr'>qui</span> <span class='ocrx_word' id='word_1_84' title='bbox 382 1379 510 1440; x_wconf 90' lang='lat' dir='ltr'>minime</span> <span class='ocrx_word' id='word_1_85' title='bbox 537 1379 622 1439; x_wconf 91' lang='lat' dir='ltr'>uisus</span> <span class='ocrx_word' id='word_1_86' title='bbox 646 1387 701 1439; x_wconf 90' lang='lat' dir='ltr'>est.</span> <span class='ocrx_word' id='word_1_87' title='bbox 748 1389 781 1440; x_wconf 88' lang='lat' dir='ltr'>at</span> <span class='ocrx_word' id='word_1_88' title='bbox 810 1379 895 1440; x_wconf 93' lang='lat' dir='ltr'>idem</span> <span class='ocrx_word' id='word_1_89' title='bbox 920 1377 1017 1440; x_wconf 90' lang='lat' dir='ltr'>Gaius</span> <span class='ocrx_word' id='word_1_90' title='bbox 1041 1379 1148 1439; x_wconf 89' lang='lat' dir='ltr'>omnia</span> <span class='ocrx_word' id='word_1_91' title='bbox 1171 1377 1379 1440; x_wconf 86' lang='lat' dir='ltr'>contumelias</span> <span class='ocrx_word' id='word_1_92' title='bbox 1410 1383 1547 1460; x_wconf 76' lang='lat' dir='ltr'>putans,l</span> 
     </span>
     <span class='ocr_line' id='line_1_11' title="bbox 268 1482 1522 1567; baseline -0.003 -19"><span class='ocrx_word' id='word_1_93' title='bbox 268 1511 291 1549; x_wconf 81' lang='lat' dir='ltr'>ru</span> <span class='ocrx_word' id='word_1_94' title='bbox 307 1495 342 1547; x_wconf 93' lang='lat' dir='ltr'>ut</span> <span class='ocrx_word' id='word_1_95' title='bbox 365 1494 437 1547; x_wconf 91' lang='lat' dir='ltr'>sunt</span> <span class='ocrx_word' id='word_1_96' title='bbox 460 1483 659 1547; x_wconf 85' lang='lat' dir='ltr'>ferendarum</span> <span class='ocrx_word' id='word_1_97' title='bbox 683 1485 870 1567; x_wconf 87' lang='lat' dir='ltr'>inpatientes</span> <span class='ocrx_word' id='word_1_98' title='bbox 893 1484 1106 1546; x_wconf 83' lang='lat' dir='ltr'>faciendarum</span> <span class='ocrx_word' id='word_1_99' title='bbox 1128 1483 1334 1566; x_wconf 89' lang='lat' dir='ltr'>cupidissimi,</span> <span class='ocrx_word' id='word_1_100' title='bbox 1359 1484 1453 1545; x_wconf 91' lang='lat' dir='ltr'>iratus</span> <span class='ocrx_word' id='word_1_101' title='bbox 1475 1482 1522 1544; x_wconf 86' lang='lat' dir='ltr'>suit</span> 
     </span>
     <span class='ocr_line' id='line_1_12' title="bbox 308 1589 1522 1673; baseline -0.002 -20"><span class='ocrx_word' id='word_1_102' title='bbox 308 1593 469 1654; x_wconf 90' lang='lat' dir='ltr'>Herennio</span> <span class='ocrx_word' id='word_1_103' title='bbox 493 1591 613 1666; x_wconf 88' lang='lat' dir='ltr'>Macro,</span> <span class='ocrx_word' id='word_1_104' title='bbox 637 1593 724 1673; x_wconf 93' lang='lat' dir='ltr'>quod</span> <span class='ocrx_word' id='word_1_105' title='bbox 748 1589 833 1653; x_wconf 92' lang='lat' dir='ltr'>illum</span> <span class='ocrx_word' id='word_1_106' title='bbox 858 1589 973 1654; x_wconf 89' lang='lat' dir='ltr'>Gaium</span> <span class='ocrx_word' id='word_1_107' title='bbox 997 1591 1196 1653; x_wconf 87' lang='lat' dir='ltr'>salutauerat.</span> <span class='ocrx_word' id='word_1_108' title='bbox 1235 1611 1294 1652; x_wconf 93' lang='lat' dir='ltr'>nec</span> <span class='ocrx_word' id='word_1_109' title='bbox 1309 1590 1425 1672; x_wconf 90' lang='lat' dir='ltr'>inpune</span> <span class='ocrx_word' id='word_1_110' title='bbox 1441 1589 1522 1650; x_wconf 90' lang='lat' dir='ltr'>cessit</span> 
     </span>
     <span class='ocr_line' id='line_1_13' title="bbox 307 1695 1522 1781; baseline -0.003 -21"><span class='ocrx_word' id='word_1_111' title='bbox 307 1697 495 1781; x_wconf 89' lang='lat' dir='ltr'>primipilari,</span> <span class='ocrx_word' id='word_1_112' title='bbox 519 1699 607 1778; x_wconf 89' lang='lat' dir='ltr'>quod</span> <span class='ocrx_word' id='word_1_113' title='bbox 629 1695 803 1778; x_wconf 84' lang='lat' dir='ltr'>Caligulam</span> <span class='ocrx_word' id='word_1_114' title='bbox 828 1699 961 1760; x_wconf 88' lang='lat' dir='ltr'>dixerat.</span> <span class='ocrx_word' id='word_1_115' title='bbox 1007 1698 1069 1760; x_wconf 76' lang='lat' dir='ltr'>hoc</span> <span class='ocrx_word' id='word_1_116' title='bbox 1093 1698 1176 1759; x_wconf 91' lang='lat' dir='ltr'>enim</span> <span class='ocrx_word' id='word_1_117' title='bbox 1200 1699 1230 1758; x_wconf 91' lang='lat' dir='ltr'>in</span> <span class='ocrx_word' id='word_1_118' title='bbox 1254 1699 1363 1759; x_wconf 90' lang='lat' dir='ltr'>castris</span> <span class='ocrx_word' id='word_1_119' title='bbox 1387 1704 1475 1762; x_wconf 86' lang='lat' dir='ltr'>natus</span> <span class='ocrx_word' id='word_1_120' title='bbox 1496 1704 1522 1756; x_wconf 94' lang='lat' dir='ltr'>et</span> 
     </span>
     <span class='ocr_line' id='line_1_14' title="bbox 306 1802 1523 1884; baseline -0.004 -17"><span class='ocrx_word' id='word_1_121' title='bbox 306 1805 452 1867; x_wconf 87' lang='lat' dir='ltr'>alumnus</span> <span class='ocrx_word' id='word_1_122' title='bbox 476 1803 635 1884; x_wconf 89' lang='lat' dir='ltr'>legionum</span> <span class='ocrx_word' id='word_1_123' title='bbox 660 1805 766 1865; x_wconf 90' lang='lat' dir='ltr'>uocari</span> <span class='ocrx_word' id='word_1_124' title='bbox 785 1802 919 1879; x_wconf 88' lang='lat' dir='ltr'>solebat,</span> <span class='ocrx_word' id='word_1_125' title='bbox 943 1803 1029 1866; x_wconf 94' lang='lat' dir='ltr'>nullo</span> <span class='ocrx_word' id='word_1_126' title='bbox 1046 1805 1174 1866; x_wconf 91' lang='lat' dir='ltr'>nomine</span> <span class='ocrx_word' id='word_1_127' title='bbox 1190 1802 1340 1865; x_wconf 91' lang='lat' dir='ltr'>militibus</span> <span class='ocrx_word' id='word_1_128' title='bbox 1357 1802 1523 1864; x_wconf 85' lang='lat' dir='ltr'>familiarior</span> 
     </span>
     <span class='ocr_line' id='line_1_15' title="bbox 306 1909 1523 1992; baseline -0.005 -20"><span class='ocrx_word' id='word_1_129' title='bbox 306 1931 457 1992; x_wconf 89' lang='lat' dir='ltr'>umquam</span> <span class='ocrx_word' id='word_1_130' title='bbox 473 1910 581 1973; x_wconf 84' lang='lat' dir='ltr'>lactus</span> <span class='ocrx_word' id='word_1_131' title='bbox 612 1911 670 1972; x_wconf 90' lang='lat' dir='ltr'>sed</span> <span class='ocrx_word' id='word_1_132' title='bbox 687 1909 748 1972; x_wconf 90' lang='lat' dir='ltr'>iam</span> <span class='ocrx_word' id='word_1_133' title='bbox 766 1909 940 1990; x_wconf 86' lang='lat' dir='ltr'>Caligulam</span> <span class='ocrx_word' id='word_1_134' title='bbox 957 1912 1131 1972; x_wconf 92' lang='lat' dir='ltr'>conuicium</span> <span class='ocrx_word' id='word_1_135' title='bbox 1149 1919 1181 1972; x_wconf 91' lang='lat' dir='ltr'>et</span> <span class='ocrx_word' id='word_1_136' title='bbox 1196 1910 1350 1992; x_wconf 87' lang='lat' dir='ltr'>probrum</span> <span class='ocrx_word' id='word_1_137' title='bbox 1368 1909 1523 1970; x_wconf 85' lang='lat' dir='ltr'>iudicabat.</span> 
     </span>
     <span class='ocr_line' id='line_1_16' title="bbox 267 2014 1550 2098; baseline -0.011 -13"><span class='ocrx_word' id='word_1_138' title='bbox 267 2044 291 2087; x_wconf 81' lang='lat' dir='ltr'>n</span> <span class='ocrx_word' id='word_1_139' title='bbox 307 2018 501 2081; x_wconf 92' lang='lat' dir='ltr'>conturbatis</span> <span class='ocrx_word' id='word_1_140' title='bbox 533 2037 610 2098; x_wconf 85' lang='lat' dir='ltr'>ergo</span> <span class='ocrx_word' id='word_1_141' title='bbox 641 2016 705 2078; x_wconf 93' lang='lat' dir='ltr'>hoc</span> <span class='ocrx_word' id='word_1_142' title='bbox 735 2017 837 2098; x_wconf 91' lang='lat' dir='ltr'>ipsum</span> <span class='ocrx_word' id='word_1_143' title='bbox 870 2015 988 2078; x_wconf 90' lang='lat' dir='ltr'>solacio</span> <span class='ocrx_word' id='word_1_144' title='bbox 1017 2017 1086 2090; x_wconf 89' lang='lat' dir='ltr'>erit,</span> <span class='ocrx_word' id='word_1_145' title='bbox 1119 2016 1239 2078; x_wconf 90' lang='lat' dir='ltr'>etiamsi</span> <span class='ocrx_word' id='word_1_146' title='bbox 1267 2025 1378 2077; x_wconf 90' lang='lat' dir='ltr'>nostra</span> <span class='ocrx_word' id='word_1_147' title='bbox 1408 2014 1550 2077; x_wconf 77' lang='lat' dir='ltr'>facilitas&#39;u</span> 
     </span>
     <span class='ocr_line' id='line_1_17' title="bbox 308 2122 1525 2204; baseline -0.005 -18"><span class='ocrx_word' id='word_1_148' title='bbox 308 2126 461 2187; x_wconf 91' lang='lat' dir='ltr'>ultionem</span> <span class='ocrx_word' id='word_1_149' title='bbox 492 2125 646 2199; x_wconf 88' lang='lat' dir='ltr'>omiserit,</span> <span class='ocrx_word' id='word_1_150' title='bbox 676 2123 814 2185; x_wconf 86' lang='lat' dir='ltr'>futurum</span> <span class='ocrx_word' id='word_1_151' title='bbox 846 2122 983 2203; x_wconf 87' lang='lat' dir='ltr'>aliquem</span> <span class='ocrx_word' id='word_1_152' title='bbox 1006 2122 1059 2204; x_wconf 93' lang='lat' dir='ltr'>qui</span> <span class='ocrx_word' id='word_1_153' title='bbox 1082 2142 1203 2203; x_wconf 91' lang='lat' dir='ltr'>poenas</span> <span class='ocrx_word' id='word_1_154' title='bbox 1226 2122 1337 2202; x_wconf 82' lang='lat' dir='ltr'>exigat</span> <span class='ocrx_word' id='word_1_155' title='bbox 1359 2142 1380 2183; x_wconf 90' lang='lat' dir='ltr'>a</span> <span class='ocrx_word' id='word_1_156' title='bbox 1402 2140 1525 2202; x_wconf 88' lang='lat' dir='ltr'>procace</span> 
     </span>
     <span class='ocr_line' id='line_1_18' title="bbox 307 2227 1525 2313; baseline -0.008 -18"><span class='ocrx_word' id='word_1_157' title='bbox 307 2242 339 2295; x_wconf 90' lang='lat' dir='ltr'>et</span> <span class='ocrx_word' id='word_1_158' title='bbox 362 2231 500 2313; x_wconf 90' lang='lat' dir='ltr'>superbo</span> <span class='ocrx_word' id='word_1_159' title='bbox 525 2240 557 2292; x_wconf 90' lang='lat' dir='ltr'>et</span> <span class='ocrx_word' id='word_1_160' title='bbox 580 2230 736 2303; x_wconf 82' lang='lat' dir='ltr'>iniurioso,</span> <span class='ocrx_word' id='word_1_161' title='bbox 761 2250 842 2311; x_wconf 91' lang='lat' dir='ltr'>quae</span> <span class='ocrx_word' id='word_1_162' title='bbox 866 2230 941 2290; x_wconf 91' lang='lat' dir='ltr'>uitia</span> <span class='ocrx_word' id='word_1_163' title='bbox 964 2249 1139 2310; x_wconf 91' lang='lat' dir='ltr'>numquam</span> <span class='ocrx_word' id='word_1_164' title='bbox 1162 2229 1194 2290; x_wconf 93' lang='lat' dir='ltr'>in</span> <span class='ocrx_word' id='word_1_165' title='bbox 1217 2249 1281 2289; x_wconf 93' lang='lat' dir='ltr'>uno</span> <span class='ocrx_word' id='word_1_166' title='bbox 1304 2227 1435 2290; x_wconf 91' lang='lat' dir='ltr'>homine</span> <span class='ocrx_word' id='word_1_167' title='bbox 1457 2227 1525 2288; x_wconf 86' lang='lat' dir='ltr'>etin</span> 
     </span>
     <span class='ocr_line' id='line_1_19' title="bbox 305 2333 1522 2416; baseline -0.005 -16"><span class='ocrx_word' id='word_1_168' title='bbox 305 2360 368 2401; x_wconf 89' lang='lat' dir='ltr'>una</span> <span class='ocrx_word' id='word_1_169' title='bbox 383 2337 575 2400; x_wconf 89' lang='lat' dir='ltr'>contumelia</span> <span class='ocrx_word' id='word_1_170' title='bbox 598 2345 832 2398; x_wconf 90' lang='lat' dir='ltr'>consumuntur.</span> <span class='ocrx_word' id='word_1_171' title='bbox 872 2336 1073 2416; x_wconf 88' lang='lat' dir='ltr'>respiciamus</span> <span class='ocrx_word' id='word_1_172' title='bbox 1089 2355 1200 2397; x_wconf 91' lang='lat' dir='ltr'>eorum</span> <span class='ocrx_word' id='word_1_173' title='bbox 1217 2333 1376 2416; x_wconf 91' lang='lat' dir='ltr'>exempla,</span> <span class='ocrx_word' id='word_1_174' title='bbox 1398 2353 1522 2416; x_wconf 91' lang='lat' dir='ltr'>quorum</span> 
     </span>
     <span class='ocr_line' id='line_1_20' title="bbox 306 2440 1523 2526; baseline -0.007 -20"><span class='ocrx_word' id='word_1_175' title='bbox 306 2445 472 2507; x_wconf 87' lang='lat' dir='ltr'>laudamus</span> <span class='ocrx_word' id='word_1_176' title='bbox 503 2444 699 2526; x_wconf 86' lang='lat' dir='ltr'>patientiam,</span> <span class='ocrx_word' id='word_1_177' title='bbox 731 2451 765 2504; x_wconf 92' lang='lat' dir='ltr'>ut</span> <span class='ocrx_word' id='word_1_178' title='bbox 788 2441 938 2516; x_wconf 90' lang='lat' dir='ltr'>Socratis,</span> <span class='ocrx_word' id='word_1_179' title='bbox 962 2443 1015 2522; x_wconf 92' lang='lat' dir='ltr'>qui</span> <span class='ocrx_word' id='word_1_180' title='bbox 1039 2442 1278 2503; x_wconf 88' lang='lat' dir='ltr'>comoediarum</span> <span class='ocrx_word' id='word_1_181' title='bbox 1302 2440 1478 2522; x_wconf 89' lang='lat' dir='ltr'>publicatos</span> <span class='ocrx_word' id='word_1_182' title='bbox 1498 2440 1523 2499; x_wconf 92' lang='lat' dir='ltr'>in</span> 
     </span>
     <span class='ocr_line' id='line_1_21' title="bbox 265 2547 1523 2632; baseline -0.007 -19"><span class='ocrx_word' id='word_1_183' title='bbox 265 2573 291 2614; x_wconf 85' lang='lat' dir='ltr'>ro</span> <span class='ocrx_word' id='word_1_184' title='bbox 305 2572 341 2612; x_wconf 90' lang='lat' dir='ltr'>se</span> <span class='ocrx_word' id='word_1_185' title='bbox 365 2560 396 2612; x_wconf 95' lang='lat' dir='ltr'>et</span> <span class='ocrx_word' id='word_1_186' title='bbox 420 2559 581 2632; x_wconf 90' lang='lat' dir='ltr'>spectatos</span> <span class='ocrx_word' id='word_1_187' title='bbox 604 2548 685 2611; x_wconf 89' lang='lat' dir='ltr'>sales</span> <span class='ocrx_word' id='word_1_188' title='bbox 709 2550 739 2609; x_wconf 93' lang='lat' dir='ltr'>in</span> <span class='ocrx_word' id='word_1_189' title='bbox 763 2558 886 2630; x_wconf 89' lang='lat' dir='ltr'>partem</span> <span class='ocrx_word' id='word_1_190' title='bbox 910 2549 1029 2610; x_wconf 91' lang='lat' dir='ltr'>bonam</span> <span class='ocrx_word' id='word_1_191' title='bbox 1053 2548 1174 2630; x_wconf 90' lang='lat' dir='ltr'>accepit</span> <span class='ocrx_word' id='word_1_192' title='bbox 1198 2548 1327 2628; x_wconf 90' lang='lat' dir='ltr'>risitque</span> <span class='ocrx_word' id='word_1_193' title='bbox 1347 2569 1413 2609; x_wconf 93' lang='lat' dir='ltr'>non</span> <span class='ocrx_word' id='word_1_194' title='bbox 1433 2547 1523 2608; x_wconf 90' lang='lat' dir='ltr'>minus</span> 
     </span>
     <span class='ocr_line' id='line_1_22' title="bbox 305 2651 1522 2738; baseline -0.007 -19"><span class='ocrx_word' id='word_1_195' title='bbox 305 2678 400 2738; x_wconf 90' lang='lat' dir='ltr'>quam</span> <span class='ocrx_word' id='word_1_196' title='bbox 441 2677 513 2718; x_wconf 92' lang='lat' dir='ltr'>cum</span> <span class='ocrx_word' id='word_1_197' title='bbox 552 2656 594 2717; x_wconf 92' lang='lat' dir='ltr'>ab</span> <span class='ocrx_word' id='word_1_198' title='bbox 632 2676 733 2717; x_wconf 91' lang='lat' dir='ltr'>uxore</span> <span class='ocrx_word' id='word_1_199' title='bbox 764 2654 948 2737; x_wconf 91' lang='lat' dir='ltr'>Xanthippe</span> <span class='ocrx_word' id='word_1_200' title='bbox 985 2654 1136 2717; x_wconf 86' lang='lat' dir='ltr'>inmunda</span> <span class='ocrx_word' id='word_1_201' title='bbox 1171 2674 1255 2735; x_wconf 90' lang='lat' dir='ltr'>aqua</span> <span class='ocrx_word' id='word_1_202' title='bbox 1284 2651 1522 2735; x_wconf 84' lang='lat' dir='ltr'>perfunderetur.</span> 
     </span>
     <span class='ocr_line' id='line_1_23' title="bbox 305 2758 1525 2842; baseline -0.007 -17"><span class='ocrx_word' id='word_1_203' title='bbox 305 2763 488 2825; x_wconf 88' lang='lat' dir='ltr'>Antistheni</span> <span class='ocrx_word' id='word_1_204' title='bbox 519 2770 620 2824; x_wconf 90' lang='lat' dir='ltr'>mater</span> <span class='ocrx_word' id='word_1_205' title='bbox 653 2762 788 2823; x_wconf 89' lang='lat' dir='ltr'>barbara</span> <span class='ocrx_word' id='word_1_206' title='bbox 818 2771 851 2824; x_wconf 91' lang='lat' dir='ltr'>et</span> <span class='ocrx_word' id='word_1_207' title='bbox 874 2761 1033 2823; x_wconf 88' lang='lat' dir='ltr'>Thraessa</span> <span class='ocrx_word' id='word_1_208' title='bbox 1063 2760 1267 2823; x_wconf 89' lang='lat' dir='ltr'>obiciebatur.</span> <span class='ocrx_word' id='word_1_209' title='bbox 1314 2758 1477 2842; x_wconf 89' lang='lat' dir='ltr'>respondit</span> <span class='ocrx_word' id='word_1_210' title='bbox 1497 2763 1525 2817; x_wconf 87' lang='lat' dir='ltr'>et</span> 
     </span>
     <span class='ocr_line' id='line_1_24' title="bbox 303 2869 850 2932; baseline -0.002 -2"><span class='ocrx_word' id='word_1_211' title='bbox 303 2870 436 2932; x_wconf 91' lang='lat' dir='ltr'>deorum</span> <span class='ocrx_word' id='word_1_212' title='bbox 461 2879 596 2931; x_wconf 90' lang='lat' dir='ltr'>matrem</span> <span class='ocrx_word' id='word_1_213' title='bbox 619 2869 749 2930; x_wconf 88' lang='lat' dir='ltr'>Idaeam</span> <span class='ocrx_word' id='word_1_214' title='bbox 773 2889 850 2930; x_wconf 90' lang='lat' dir='ltr'>esse.</span> 
     </span>
     <span class='ocr_line' id='line_1_25' title="bbox 394 2967 1550 3055; baseline -0.009 -17"><span class='ocrx_word' id='word_1_215' title='bbox 394 2977 482 3040; x_wconf 89' lang='lat' dir='ltr'>XIX.</span> <span class='ocrx_word' id='word_1_216' title='bbox 514 2977 588 3038; x_wconf 95' lang='lat' dir='ltr'>Non</span> <span class='ocrx_word' id='word_1_217' title='bbox 611 2984 660 3037; x_wconf 92' lang='lat' dir='ltr'>est</span> <span class='ocrx_word' id='word_1_218' title='bbox 681 2977 711 3036; x_wconf 92' lang='lat' dir='ltr'>in</span> <span class='ocrx_word' id='word_1_219' title='bbox 727 2976 830 3036; x_wconf 89' lang='lat' dir='ltr'>rixam</span> <span class='ocrx_word' id='word_1_220' title='bbox 847 2972 1176 3055; x_wconf 90' lang='lat' dir='ltr'>conluctationemque</span> <span class='ocrx_word' id='word_1_221' title='bbox 1192 2973 1392 3035; x_wconf 91' lang='lat' dir='ltr'>ueniendum.</span> <span class='ocrx_word' id='word_1_222' title='bbox 1423 2967 1524 3053; x_wconf 91' lang='lat' dir='ltr'>procul</span> <span class='ocrx_word' id='word_1_223' title='bbox 1540 2971 1550 3022; x_wconf 84' lang='lat' dir='ltr'>l</span> 
     </span>
     <span class='ocr_line' id='line_1_26' title="bbox 260 3075 1524 3165; baseline -0.009 -20"><span class='ocrx_word' id='word_1_224' title='bbox 260 3104 290 3144; x_wconf 68' lang='lat' dir='ltr'>aa</span> <span class='ocrx_word' id='word_1_225' title='bbox 306 3083 466 3145; x_wconf 90' lang='lat' dir='ltr'>aulerendi</span> <span class='ocrx_word' id='word_1_226' title='bbox 500 3084 600 3165; x_wconf 92' lang='lat' dir='ltr'>pedes</span> <span class='ocrx_word' id='word_1_227' title='bbox 624 3090 709 3150; x_wconf 86' lang='lat' dir='ltr'>¹sunt</span> <span class='ocrx_word' id='word_1_228' title='bbox 741 3089 773 3142; x_wconf 91' lang='lat' dir='ltr'>et</span> <span class='ocrx_word' id='word_1_229' title='bbox 803 3081 954 3162; x_wconf 92' lang='lat' dir='ltr'>quidquid</span> <span class='ocrx_word' id='word_1_230' title='bbox 985 3079 1100 3142; x_wconf 91' lang='lat' dir='ltr'>horum</span> <span class='ocrx_word' id='word_1_231' title='bbox 1133 3079 1173 3140; x_wconf 92' lang='lat' dir='ltr'>ab</span> <span class='ocrx_word' id='word_1_232' title='bbox 1205 3079 1447 3160; x_wconf 91' lang='lat' dir='ltr'>inprudentibus</span> <span class='ocrx_word' id='word_1_233' title='bbox 1476 3075 1524 3136; x_wconf 84' lang='lat' dir='ltr'>fiet</span> 
     </span>
     <span class='ocr_line' id='line_1_27' title="bbox 285 3183 1524 3268; baseline -0.006 -20"><span class='ocrx_word' id='word_1_234' title='bbox 285 3188 383 3266; x_wconf 68' lang='lat' dir='ltr'>,llieri</span> <span class='ocrx_word' id='word_1_235' title='bbox 419 3198 525 3250; x_wconf 91' lang='lat' dir='ltr'>autem</span> <span class='ocrx_word' id='word_1_236' title='bbox 556 3188 613 3249; x_wconf 93' lang='lat' dir='ltr'>nisi</span> <span class='ocrx_word' id='word_1_237' title='bbox 643 3187 685 3248; x_wconf 89' lang='lat' dir='ltr'>ab</span> <span class='ocrx_word' id='word_1_238' title='bbox 716 3188 955 3268; x_wconf 90' lang='lat' dir='ltr'>inprudentibus</span> <span class='ocrx_word' id='word_1_239' title='bbox 986 3207 1051 3247; x_wconf 92' lang='lat' dir='ltr'>non</span> <span class='ocrx_word' id='word_1_240' title='bbox 1081 3191 1200 3268; x_wconf 83' lang='lat' dir='ltr'>potest)</span> <span class='ocrx_word' id='word_1_241' title='bbox 1232 3183 1469 3266; x_wconf 86' lang='lat' dir='ltr'>neglegendum</span> <span class='ocrx_word' id='word_1_242' title='bbox 1497 3189 1524 3241; x_wconf 90' lang='lat' dir='ltr'>et</span> 
     </span>
     <span class='ocr_line' id='line_1_28' title="bbox 306 3288 1532 3376; baseline -0.007 -19"><span class='ocrx_word' id='word_1_243' title='bbox 306 3295 444 3358; x_wconf 90' lang='lat' dir='ltr'>honores</span> <span class='ocrx_word' id='word_1_244' title='bbox 467 3296 657 3376; x_wconf 88' lang='lat' dir='ltr'>iniuriaeque</span> <span class='ocrx_word' id='word_1_245' title='bbox 681 3293 765 3374; x_wconf 85' lang='lat' dir='ltr'>uolgi</span> <span class='ocrx_word' id='word_1_246' title='bbox 788 3295 818 3354; x_wconf 92' lang='lat' dir='ltr'>in</span> <span class='ocrx_word' id='word_1_247' title='bbox 841 3293 1023 3374; x_wconf 87' lang='lat' dir='ltr'>promiscuo</span> <span class='ocrx_word' id='word_1_248' title='bbox 1046 3291 1223 3354; x_wconf 89' lang='lat' dir='ltr'>habendae.</span> <span class='ocrx_word' id='word_1_249' title='bbox 1268 3311 1327 3353; x_wconf 90' lang='lat' dir='ltr'>nee</span> <span class='ocrx_word' id='word_1_250' title='bbox 1350 3289 1399 3352; x_wconf 90' lang='lat' dir='ltr'>his</span> <span class='ocrx_word' id='word_1_251' title='bbox 1423 3288 1532 3352; x_wconf 42' lang='lat' dir='ltr'>dolen-s</span> 
     </span>
     <span class='ocr_line' id='line_1_29' title="bbox 307 3394 1600 3506; baseline -0.009 -42"><span class='ocrx_word' id='word_1_252' title='bbox 307 3404 385 3464; x_wconf 89' lang='lat' dir='ltr'>dum</span> <span class='ocrx_word' id='word_1_253' title='bbox 416 3422 475 3464; x_wconf 90' lang='lat' dir='ltr'>nec</span> <span class='ocrx_word' id='word_1_254' title='bbox 505 3400 562 3462; x_wconf 92' lang='lat' dir='ltr'>illis</span> <span class='ocrx_word' id='word_1_255' title='bbox 580 3408 581 3411; x_wconf 76' lang='grc'>’</span> <span class='ocrx_word' id='word_1_256' title='bbox 593 3399 814 3482; x_wconf 83' lang='lat' dir='ltr'>gaudendum:</span> <span class='ocrx_word' id='word_1_257' title='bbox 856 3397 970 3480; x_wconf 90' lang='lat' dir='ltr'>alioqui</span> <span class='ocrx_word' id='word_1_258' title='bbox 1002 3398 1102 3460; x_wconf 90' lang='lat' dir='ltr'>multa</span> <span class='ocrx_word' id='word_1_259' title='bbox 1131 3398 1246 3460; x_wconf 92' lang='lat' dir='ltr'>timore</span> <span class='ocrx_word' id='word_1_260' title='bbox 1269 3394 1552 3459; x_wconf 80' lang='lat' dir='ltr'>contumeliarum2</span> <span class='ocrx_word' id='word_1_261' title='bbox 1599 3451 1600 3506; x_wconf 31' lang='grc'>1</span> 
     </span>
     <span class='ocr_line' id='line_1_30' title="bbox 305 3493 1523 3586; baseline -0.007 -16"><span class='ocrx_word' id='word_1_262' title='bbox 305 3517 360 3570; x_wconf 90' lang='lat' dir='ltr'>aut</span> <span class='ocrx_word' id='word_1_263' title='bbox 383 3509 489 3571; x_wconf 90' lang='lat' dir='ltr'>taedio</span> <span class='ocrx_word' id='word_1_264' title='bbox 512 3507 687 3586; x_wconf 71' lang='lat' dir='ltr'>necessaria</span> <span class='ocrx_word' id='word_1_265' title='bbox 710 3493 893 3567; x_wconf 86' lang='lat' dir='ltr'>omittemus</span> <span class='ocrx_word' id='word_1_266' title='bbox 916 3504 1111 3586; x_wconf 91' lang='lat' dir='ltr'>publicisque</span> <span class='ocrx_word' id='word_1_267' title='bbox 1135 3512 1167 3564; x_wconf 93' lang='lat' dir='ltr'>et</span> <span class='ocrx_word' id='word_1_268' title='bbox 1190 3503 1319 3585; x_wconf 89' lang='lat' dir='ltr'>priuatis</span> <span class='ocrx_word' id='word_1_269' title='bbox 1337 3501 1457 3577; x_wconf 84' lang='lat' dir='ltr'>officiis,</span> <span class='ocrx_word' id='word_1_270' title='bbox 1478 3499 1523 3576; x_wconf 76' lang='lat' dir='ltr'>ali·</span> 
     </span>
     <span class='ocr_line' id='line_1_31' title="bbox 1599 4373 1600 4420; baseline 0 0"><span class='ocrx_word' id='word_1_271' title='bbox 1599 4373 1600 4420; x_wconf 91' lang='lat' dir='ltr'>l</span> 
     </span>
    </p>
   </div>
   <div class='ocr_carea' id='block_1_3' title="bbox 304 3697 1527 4121">
    <p class='ocr_par' dir='ltr' id='par_1_3' title="bbox 306 3697 1524 3844">
     <span class='ocr_line' id='line_1_32' title="bbox 306 3697 1524 3796; baseline -0.007 -24"><span class='ocrx_word' id='word_1_272' title='bbox 306 3722 319 3772; x_wconf 89' lang='lat'>1</span> <span class='ocrx_word' id='word_1_273' title='bbox 340 3722 449 3784; x_wconf 63' lang='lat' dir='ltr'>cherres</span> <span class='ocrx_word' id='word_1_274' title='bbox 472 3781 475 3787; x_wconf 28' lang='grc' dir='ltr'>Ι</span> <span class='ocrx_word' id='word_1_275' title='bbox 580 3727 665 3767; x_wconf 86' lang='lat' dir='ltr'>contra</span> <span class='ocrx_word' id='word_1_276' title='bbox 679 3719 776 3767; x_wconf 89' lang='lat' dir='ltr'>tribuno</span> <span class='ocrx_word' id='word_1_277' title='bbox 798 3714 893 3769; x_wconf 80' lang='lat' dir='ltr'>Gertz:</span> <span class='ocrx_word' id='word_1_278' title='bbox 916 3697 1044 3796; x_wconf 65' lang='lat' dir='ltr'>cotribuno</span> <span class='ocrx_word' id='word_1_279' title='bbox 1172 3715 1189 3767; x_wconf 83' lang='lat'><strong>2</strong></span> <span class='ocrx_word' id='word_1_280' title='bbox 1208 3715 1339 3778; x_wconf 86' lang='lat' dir='ltr'>languidus</span> <span class='ocrx_word' id='word_1_281' title='bbox 1359 3716 1397 3778; x_wconf 88' lang='lat' dir='ltr'>(us</span> <span class='ocrx_word' id='word_1_282' title='bbox 1416 3711 1524 3772; x_wconf 79' lang='lat' dir='ltr'>iuras.)</span> 
     </span>
     <span class='ocr_line' id='line_1_33' title="bbox 602 3816 681 3844; baseline 0 0"><span class='ocrx_word' id='word_1_283' title='bbox 602 3816 624 3844; x_wconf 73' lang='grc' dir='ltr'>Ὀ</span> <span class='ocrx_word' id='word_1_284' title='bbox 669 3823 681 3844; x_wconf 68' lang='lat' dir='ltr'>a</span> 
     </span>
    </p>

    <p class='ocr_par' dir='ltr' id='par_1_4' title="bbox 434 3837 1526 3946">
     <span class='ocr_line' id='line_1_34' title="bbox 434 3837 1526 3946; baseline -0.011 -14"><span class='ocrx_word' id='word_1_285' title='bbox 434 3879 448 3932; x_wconf 87' lang='lat'><strong>3</strong></span> <span class='ocrx_word' id='word_1_286' title='bbox 468 3837 494 3928; x_wconf 73' lang='lat' dir='ltr'>rii</span> <span class='ocrx_word' id='word_1_287' title='bbox 512 3857 714 3942; x_wconf 77' lang='lat' dir='ltr'>uenerismpriapi</span> <span class='ocrx_word' id='word_1_288' title='bbox 733 3877 881 3946; x_wconf 78' lang='lat' dir='ltr'>(superscr.</span> <span class='ocrx_word' id='word_1_289' title='bbox 901 3891 935 3928; x_wconf 85' lang='lat' dir='ltr'>m.</span> <span class='ocrx_word' id='word_1_290' title='bbox 956 3872 1013 3940; x_wconf 79' lang='lat' dir='ltr'>alt.)</span> <span class='ocrx_word' id='word_1_291' title='bbox 1142 3874 1157 3926; x_wconf 84' lang='lat'>9</span> <span class='ocrx_word' id='word_1_292' title='bbox 1176 3879 1279 3939; x_wconf 84' lang='lat' dir='ltr'>putans,</span> <span class='ocrx_word' id='word_1_293' title='bbox 1292 3863 1293 3868; x_wconf 27' lang='lat'>¹</span> <span class='ocrx_word' id='word_1_294' title='bbox 1304 3879 1329 3922; x_wconf 89' lang='lat' dir='ltr'>ut</span> <span class='ocrx_word' id='word_1_295' title='bbox 1348 3869 1526 3941; x_wconf 73' lang='lat' dir='ltr'>Bonqarsius,</span> 
     </span>
    </p>

    <p class='ocr_par' dir='ltr' id='par_1_5' title="bbox 304 3959 1527 4034">
     <span class='ocr_line' id='line_1_35' title="bbox 304 3959 1527 4034; baseline -0.014 -12"><span class='ocrx_word' id='word_1_296' title='bbox 304 3968 412 4022; x_wconf 79' lang='lat' dir='ltr'>Haase:</span> <span class='ocrx_word' id='word_1_297' title='bbox 434 3975 502 4034; x_wconf 89' lang='lat' dir='ltr'>putat</span> <span class='ocrx_word' id='word_1_298' title='bbox 520 3973 554 4018; x_wconf 41' lang='lat' dir='ltr'>etr</span> <span class='ocrx_word' id='word_1_299' title='bbox 637 3966 674 4020; x_wconf 84' lang='grc'>10</span> <span class='ocrx_word' id='word_1_300' title='bbox 691 3968 836 4031; x_wconf 87' lang='lat' dir='ltr'>inpatientes</span> <span class='ocrx_word' id='word_1_301' title='bbox 855 3962 915 4018; x_wconf 82' lang='lat' dir='ltr'>cod.</span> <span class='ocrx_word' id='word_1_302' title='bbox 1012 3964 1165 4028; x_wconf 91' lang='lat' dir='ltr'>cupidissimi</span> <span class='ocrx_word' id='word_1_303' title='bbox 1185 3961 1333 4015; x_wconf 75' lang='lat' dir='ltr'>deteriores</span> <span class='ocrx_word' id='word_1_304' title='bbox 1349 3959 1527 4026; x_wconf 89' lang='lat' dir='ltr'>:cupidissimis</span> 
     </span>
    </p>

    <p class='ocr_par' dir='ltr' id='par_1_6' title="bbox 404 4049 1527 4121">
     <span class='ocr_line' id='line_1_36' title="bbox 404 4049 1527 4121; baseline -0.013 -12"><span class='ocrx_word' id='word_1_305' title='bbox 404 4057 435 4109; x_wconf 91' lang='lat'>11</span> <span class='ocrx_word' id='word_1_306' title='bbox 455 4059 555 4121; x_wconf 89' lang='lat' dir='ltr'>impune</span> <span class='ocrx_word' id='word_1_307' title='bbox 654 4055 687 4108; x_wconf 83' lang='lat'>12</span> <span class='ocrx_word' id='word_1_308' title='bbox 706 4054 861 4120; x_wconf 86' lang='lat' dir='ltr'>primipilarii</span> <span class='ocrx_word' id='word_1_309' title='bbox 958 4051 991 4104; x_wconf 84' lang='lat'>14</span> <span class='ocrx_word' id='word_1_310' title='bbox 1010 4055 1093 4117; x_wconf 64' lang='lat' dir='ltr'>unqua}</span> <span class='ocrx_word' id='word_1_311' title='bbox 1113 4051 1155 4118; x_wconf 92' lang='lat' dir='ltr'>(un</span> <span class='ocrx_word' id='word_1_312' title='bbox 1173 4051 1204 4112; x_wconf 71' lang='lat' dir='ltr'>in,</span> <span class='ocrx_word' id='word_1_313' title='bbox 1219 4051 1287 4117; x_wconf 73' lang='lat' dir='ltr'>rar.)</span> <span class='ocrx_word' id='word_1_314' title='bbox 1385 4049 1417 4101; x_wconf 80' lang='lat'>15</span> <span class='ocrx_word' id='word_1_315' title='bbox 1438 4055 1527 4098; x_wconf 89' lang='lat' dir='ltr'>contur-</span> 
     </span>
    </p>
   </div>
   <div class='ocr_carea' id='block_1_4' title="bbox 304 4149 1526 4226">
    <p class='ocr_par' dir='ltr' id='par_1_7' title="bbox 304 4149 1526 4226">
     <span class='ocr_line' id='line_1_37' title="bbox 304 4149 1526 4226; baseline -0.009 -12"><span class='ocrx_word' id='word_1_316' title='bbox 304 4167 369 4214; x_wconf 86' lang='lat' dir='ltr'>batis</span> <span class='ocrx_word' id='word_1_317' title='bbox 388 4162 442 4216; x_wconf 60' lang='lat' dir='ltr'>El:</span> <span class='ocrx_word' id='word_1_318' title='bbox 465 4165 622 4212; x_wconf 85' lang='lat' dir='ltr'>conturbatus</span> <span class='ocrx_word' id='word_1_319' title='bbox 707 4160 740 4214; x_wconf 85' lang='grc'>16</span> <span class='ocrx_word' id='word_1_320' title='bbox 759 4177 853 4226; x_wconf 74' lang='lat' dir='ltr'>qpenas</span> <span class='ocrx_word' id='word_1_321' title='bbox 940 4159 972 4211; x_wconf 81' lang='lat'>17</span> <span class='ocrx_word' id='word_1_322' title='bbox 991 4162 1090 4225; x_wconf 58' lang='lat' dir='ltr'>nunqua</span> <span class='ocrx_word' id='word_1_323' title='bbox 1176 4157 1209 4210; x_wconf 81' lang='lat'>18</span> <span class='ocrx_word' id='word_1_324' title='bbox 1228 4149 1376 4207; x_wconf 88' lang='lat' dir='ltr'>contumelia</span> <span class='ocrx_word' id='word_1_325' title='bbox 1392 4159 1464 4222; x_wconf 82' lang='lat' dir='ltr'>(am.</span> <span class='ocrx_word' id='word_1_326' title='bbox 1473 4151 1526 4223; x_wconf 83' lang='lat' dir='ltr'>pr.)</span> 
     </span>
    </p>
   </div>
   <div class='ocr_carea' id='block_1_5' title="bbox 301 4250 1528 4554">
    <p class='ocr_par' dir='ltr' id='par_1_8' title="bbox 301 4250 1528 4554">
     <span class='ocr_line' id='line_1_38' title="bbox 395 4250 1528 4368; baseline -0.014 -11"><span class='ocrx_word' id='word_1_327' title='bbox 395 4305 428 4358; x_wconf 79' lang='lat'>19</span> <span class='ocrx_word' id='word_1_328' title='bbox 447 4306 562 4355; x_wconf 87' lang='lat' dir='ltr'>Socrates</span> <span class='ocrx_word' id='word_1_329' title='bbox 651 4304 810 4368; x_wconf 81' lang='lat' dir='ltr'>qcomediatt</span> <span class='ocrx_word' id='word_1_330' title='bbox 873 4285 933 4355; x_wconf 59' lang='grc' dir='ltr'>Δ20</span> <span class='ocrx_word' id='word_1_331' title='bbox 952 4309 975 4350; x_wconf 91' lang='lat' dir='ltr'>et</span> <span class='ocrx_word' id='word_1_332' title='bbox 994 4299 1129 4366; x_wconf 84' lang='lat' dir='ltr'>spectatos]</span> <span class='ocrx_word' id='word_1_333' title='bbox 1149 4304 1291 4364; x_wconf 88' lang='lat' dir='ltr'>expectatos</span> <span class='ocrx_word' id='word_1_334' title='bbox 1371 4298 1407 4350; x_wconf 80' lang='lat'>22</span> <span class='ocrx_word' id='word_1_335' title='bbox 1426 4250 1528 4346; x_wconf 78' lang='lat' dir='ltr'>eihressa</span> 
     </span>
     <span class='ocr_line' id='line_1_39' title="bbox 387 4383 1528 4454; baseline -0.012 -7"><span class='ocrx_word' id='word_1_336' title='bbox 387 4394 421 4447; x_wconf 85' lang='lat'>23</span> <span class='ocrx_word' id='word_1_337' title='bbox 441 4395 523 4444; x_wconf 89' lang='lat' dir='ltr'>ideam</span> <span class='ocrx_word' id='word_1_338' title='bbox 560 4416 561 4419; x_wconf 41' lang='lat'>¹</span> <span class='ocrx_word' id='word_1_339' title='bbox 607 4390 641 4444; x_wconf 81' lang='lat'>24</span> <span class='ocrx_word' id='word_1_340' title='bbox 661 4393 858 4442; x_wconf 86' lang='lat' dir='ltr'>colluctationem</span> <span class='ocrx_word' id='word_1_341' title='bbox 942 4390 976 4443; x_wconf 75' lang='lat'>25</span> <span class='ocrx_word' id='word_1_342' title='bbox 995 4390 1064 4454; x_wconf 86' lang='lat' dir='ltr'>chd</span> <span class='ocrx_word' id='word_1_343' title='bbox 1145 4387 1179 4441; x_wconf 78' lang='lat' dir='ltr'>2ss</span> <span class='ocrx_word' id='word_1_344' title='bbox 1199 4385 1394 4454; x_wconf 74' lang='lat' dir='ltr'>hpotest*(ras.</span> <span class='ocrx_word' id='word_1_345' title='bbox 1411 4383 1528 4454; x_wconf 76' lang='lat' dir='ltr'>fortasse</span> 
     </span>
     <span class='ocr_line' id='line_1_40' title="bbox 301 4480 892 4554; baseline -0.012 -20"><span class='ocrx_word' id='word_1_346' title='bbox 301 4481 408 4553; x_wconf 76' lang='lat' dir='ltr'>puncti)</span> <span class='ocrx_word' id='word_1_347' title='bbox 498 4480 532 4534; x_wconf 76' lang='lat'>27</span> <span class='ocrx_word' id='word_1_348' title='bbox 556 4481 623 4544; x_wconf 88' lang='lat' dir='ltr'>uulgi</span> <span class='ocrx_word' id='word_1_349' title='bbox 712 4481 892 4554; x_wconf 80' lang='lat' dir='ltr'>impromiscuo</span> 
     </span>
    </p>
   </div>
   <div class='ocr_carea' id='block_1_6' title="bbox 0 0 1634 5332">
    <p class='ocr_par' dir='ltr' id='par_1_9' title="bbox 0 0 1634 5332">
     <span class='ocr_line' id='line_1_41' title="bbox 0 0 1634 5332; baseline 0 0"><span class='ocrx_word' id='word_1_350' title='bbox 0 0 1634 5332; x_wconf 95' lang='lat' dir='ltr'> </span> 
     </span>
    </p>
   </div>
  </div>
 </body>
</html>
