3212 5318
281 361 345 422 262
427 353 506 396 DlAL.
522 353 562 396 x1.
591 353 633 394 AD
649 353 783 394 HELVIAM
800 352 931 394 MATREM
946 353 986 392 DE
1001 353 1244 394 CONSOLATIONE.
1275 355 1306 396 ll.
1323 355 1355 394 13.

280 502 389 564 dotem
421 507 626 580 acceperunt,
657 500 730 581 quia
760 497 833 560 nihil
864 497 920 561 illis
951 477 1119 579 reliquerat
1149 510 1247 582 pater.
1293 519 1429 580 aequum
1454 519 1504 559 me

279 606 420 668 hercules
444 615 511 668 erat
534 605 686 687 populum
704 606 886 667 Romanum
910 605 1063 668 tributum
1080 604 1218 686 Scipioni
1239 605 1338 668 semel
1354 603 1504 679 conferre,
1593 593 1594 636 ³

279 734 350 776 cum
382 733 401 774 a
432 712 622 792 Carthagine
653 732 780 792 semper
811 713 963 792 exigeret.
1016 733 1036 774 o
1068 711 1172 774 felices
1204 714 1288 774 uiros
1321 711 1505 793 puellarum,

278 820 391 900 quibus
414 818 548 900 populus
571 799 736 880 Romanus
759 818 831 880 loco
854 819 955 880 soceri
978 817 1052 880 luit!
1088 820 1287 882 beatioresne
1309 820 1386 880 istos
1402 828 1505 900 putas,

252 943 412 1008 equorum
449 924 663 1006 pantomimae
696 926 800 987 decies
831 926 976 986 sestertio
1008 926 1145 1000 nubunt,
1184 945 1279 1006 quam
1313 924 1505 1006 Scipionem,
1594 941 1595 976 1

278 1034 364 1094 cuius
387 1031 475 1094 liberi
498 1040 657 1107 asenam,
688 1041 794 1094 tutore
817 1013 884 1104 suo,
908 1032 938 1093 in
962 1034 1073 1094 dotem
1096 1053 1151 1094 aes
1174 1052 1271 1113 graue
1294 1036 1504 1114 acceperunt?

279 1140 467 1220 dedignatur
497 1138 606 1220 aliquis
637 1148 875 1221 paupertatem,
907 1139 993 1200 cuius
1021 1149 1086 1200 tam
1111 1140 1213 1202 clarae
1237 1139 1388 1219 imagines
1411 1143 1538 1202 sunt?7
1595 1182 1596 1274 1

278 1248 457 1327 indignatur
489 1243 563 1306 exul
594 1244 710 1326 aliquid
741 1246 799 1306 sibi
830 1246 959 1320 deesse,
999 1266 1072 1307 cum
1103 1244 1236 1307 desuerit
1266 1243 1404 1326 Scipioni
1435 1247 1505 1320 doS,
1595 1315 1596 1322 ³

278 1351 404 1433 Regulo
436 1352 682 1425 mercennarius,
698 1375 702 1384 ·
721 1351 869 1414 Menenio
901 1350 1008 1426 sunus,
1046 1371 1118 1414 cum
1151 1352 1298 1414 omnibus
1328 1351 1384 1413 illis
1416 1354 1505 1431 quod

240 1474 263 1514 1⁰
278 1461 396 1534 deerat,
420 1460 492 1522 ideo
516 1457 679 1520 honestius
702 1456 883 1538 suppletum
907 1459 954 1532 sit,
979 1460 1053 1539 quia
1076 1457 1238 1520 defuerat?
1276 1458 1322 1520 his
1346 1478 1424 1538 ergo
1448 1459 1503 1519 ad-

212 1571 226 1588 ‘
278 1567 398 1629 uocatis
422 1586 485 1626 non
509 1573 632 1626 tantum
656 1572 724 1626 tuta
748 1575 804 1638 est,
828 1566 885 1626 sed
910 1566 1005 1626 etiam
1026 1562 1169 1645 'gratiosa
1192 1575 1369 1647 paupertas.
1596 1551 1597 1566 ¹

367 1671 450 1734 Xlll.
497 1670 695 1752 Responderi
725 1680 851 1751 potest:
885 1673 961 1752 quid
993 1671 1159 1734 artificiose
1182 1673 1242 1732 ista
1263 1673 1398 1746 diducis,
1422 1681 1535 1754 quael

279 1778 401 1860 singula
431 1778 574 1838 sustineri
601 1786 751 1857 possunt,
783 1777 908 1839 conlata
930 1781 994 1840 noh
1018 1782 1173 1860 possunt?
1203 1780 1420 1840 commutatio
1444 1779 1506 1840 loci

279 1885 451 1949 tolerabilis
478 1892 543 1959 est,
574 1885 599 1944 si
628 1893 751 1946 tantum
775 1883 879 1946 locum
904 1895 1015 1954 mutes
1062 1896 1231 1966 paupertas
1254 1884 1424 1947 tolerabilis
1449 1895 1506 1960 est,
1597 1914 1598 1974 p

241 2006 265 2046 ¹⁵
279 1994 304 2054 si
328 1991 498 2073 ignominia
521 1991 615 2065 absit,
639 2011 720 2071 quae
744 1990 793 2052 uel
817 1989 885 2052 sola
907 1992 1086 2072 opprimere
1109 1993 1232 2052 animos
1255 1991 1345 2054 solet
1391 1994 1536 2054 adum-2

280 2121 332 2161 sus
355 2099 438 2162 hunc
461 2098 598 2180 quisquis
622 2117 674 2158 me
698 2097 853 2160 malorum
877 2097 970 2161 turba
992 2098 1131 2174 terrebit,
1154 2097 1201 2160 his
1225 2098 1328 2162 uerbis
1351 2101 1506 2161 utendum

280 2206 356 2267 erit:
390 2205 415 2266 si
447 2214 558 2267 contra
590 2203 860 2285 unamquamlibet
891 2214 1015 2286 partem
1038 2204 1181 2267 fortunae
1204 2191 1285 2267 satis
1303 2204 1359 2266 tibi
1382 2205 1507 2268 roboris
1598 2282 1599 2304 Χ

280 2320 336 2387 est,
359 2313 445 2372 idem
469 2313 620 2374 aduersus
643 2312 746 2372 omnis
769 2312 834 2374 erit.
881 2332 953 2374 cum
976 2312 1075 2374 semel
1098 2313 1237 2374 animum
1261 2313 1358 2374 uirtus
1377 2313 1505 2374 indura·
1598 2311 1599 2388 l

279 2420 331 2494 uit,
355 2419 493 2498 undique
516 2417 774 2480 inuolnerabilem
797 2427 956 2500 praestat:
987 2420 1012 2480 si
1035 2420 1163 2482 auaritia
1186 2420 1310 2493 dimisit,
1334 2417 1504 2481 uehemen-

238 2539 264 2578 20
278 2526 398 2587 tissima
421 2525 544 2604 generis
568 2524 696 2586 humani
719 2526 832 2605 pestis,
862 2546 985 2588 moram
1009 2525 1066 2588 tibi
1089 2526 1223 2588 ambitio
1246 2545 1310 2588 non
1332 2524 1434 2588 faciet.
1482 2527 1504 2587 si

279 2632 419 2694 ultimum
452 2633 536 2694 diem
567 2651 631 2693 non
663 2633 751 2712 quasi
783 2652 937 2713 poenam,
967 2633 1025 2695 sed
1055 2634 1144 2713 quasi
1167 2641 1297 2695 naturae
1320 2632 1426 2712 legem
1451 2634 1503 2694 ad-

278 2739 389 2820 spiciS,
420 2759 462 2799 ex
493 2757 557 2819 quo
588 2746 718 2819 pectore
751 2747 871 2801 metum
903 2741 1013 2800 mortis
1045 2740 1186 2814 eieceriS,
1217 2739 1248 2800 in
1270 2739 1304 2826 id
1327 2738 1439 2800 nullius
1461 2739 1502 2800 rei

279 2847 373 2908 timor
404 2845 533 2906 audebit
563 2845 686 2906 intrare.
732 2846 757 2906 si
788 2847 909 2925 cogitas
940 2845 1100 2908 libidinem
1129 2865 1193 2907 non
1217 2834 1389 2927 uoluptatis
1413 2856 1533 2907 causa3

278 2940 397 3014 homini
414 2941 545 3025 datam,
577 2952 634 3012 sed
657 2952 855 3033 propagandi
879 2953 1017 3032 generis,
1049 2971 1144 3032 quem
1168 2971 1232 3012 non
1256 2950 1420 3014 uiolauerit
1442 2951 1501 3012 hoc

238 3071 264 3110 2⁵
278 3066 434 3120 secretum
460 3065 492 3118 et
516 3056 647 3119 infixum
671 3058 841 3120 uisceribus
864 3059 938 3140 ipsis
962 3059 1109 3132 exitium,
1140 3059 1245 3120 omnis
1268 3057 1328 3119 alia
1351 3059 1501 3139 cupiditas

179 3190 183 3196 ·
279 3166 430 3226 intactum
461 3163 651 3244 praeteribit.
697 3185 762 3226 non
792 3164 913 3245 singula
943 3166 1019 3226 uitia
1047 3165 1144 3239 rati0,
1174 3164 1232 3226 sed
1259 3165 1376 3245 pariter
1398 3164 1501 3225 omnia

264 3269 466 3351 prosternit:
493 3271 524 3330 in
548 3271 725 3332 uniuersum
749 3271 848 3333 semel
871 3272 1012 3333 uincitur.
1044 3271 1215 3352 ignominia
1235 3279 1269 3332 tu
1285 3279 1378 3352 putas
1393 3290 1497 3352 quem·
1517 3280 1529 3331 1

278 3397 373 3457 quam
398 3378 572 3457 sapientem
598 3379 717 3440 moueri
741 3397 851 3460 posse,
883 3379 935 3459 qui
959 3379 1065 3440 omnia
1088 3378 1119 3438 in
1142 3399 1176 3438 se
1201 3379 1357 3459 reposuit,
1388 3378 1438 3458 qui
1460 3376 1498 3437 ab

279 3483 478 3564 opinionibus
512 3483 597 3564 uolgi
628 3485 777 3546 secessit?
816 3483 885 3564 plus
914 3485 1008 3547 etiam
1032 3503 1128 3566 quam
1152 3484 1324 3564 ignominia
1347 3493 1396 3546 est
1418 3503 1497 3544 mors

239 3601 264 3639 ³⁰
278 3590 504 3670 ignominiosa:
547 3589 697 3654 Socrates
735 3600 842 3653 tamen
882 3593 997 3652 eodem
1036 3591 1088 3653 illo
1127 3590 1232 3664 uoltu,
1274 3610 1340 3670 quo
1377 3591 1496 3669 triginta

279 3707 432 3776 tyrannos
455 3696 541 3758 solus
564 3697 734 3777 aliquando
758 3698 788 3758 in
812 3698 956 3759 ordinem
981 3699 1164 3777 redegerat,
1195 3716 1355 3758 carcerem
1378 3695 1494 3758 intrauit

278 3801 483 3882 ignominiam
521 3802 578 3885 ipsi
617 3803 688 3865 loco
728 3805 933 3866 detracturus
980 3824 1083 3884 neque
1121 3803 1204 3864 enim
1241 3810 1368 3884 poterat
1397 3820 1492 3864 carcer

280 4049 292 4098 1
321 4065 423 4113 aequum
443 4049 582 4099 mehercule
600 4047 646 4102 uel
662 4049 813 4100 mehercules
832 4049 995 4104 deteriores:
1018 4051 1080 4116 equi
1097 4049 1207 4099 hercules
1298 4051 1314 4103 2
1334 4053 1374 4102 .P.
1382 4051 1410 4103 R.

279 4189 294 4242 5
319 4147 455 4255 pantomime
546 4190 561 4243 6
588 4135 772 4241 cuiiigeblsenatu
880 4191 896 4245 7
921 4195 1012 4243 clara*
1126 4191 1142 4244 8
1168 4193 1234 4241 exsul
1348 4191 1363 4243 9
1391 4190 1490 4254 regulo*

371 4277 401 4330 l3
421 4282 556 4329 comulatio
648 4279 679 4332 15
700 4282 768 4331 abest
790 4279 871 4334 Gertz
962 4283 994 4334 21
1021 4285 1086 4347 pena
1176 4281 1265 4345 aspicis
1354 4279 1386 4332 22
1409 4283 1488 4327 melum

244 4435 247 4441 Ι
278 4369 363 4418 mortis
388 4366 449 4421 cod.
468 4359 553 4420 moitis
572 4377 663 4420 metum
683 4368 813 4424 editiones
832 4370 974 4439 antiquae,
1000 4377 1091 4422 metum
1111 4367 1222 4424 Fickert
1242 4375 1267 4422 el
1286 4367 1378 4422 [rane

279 4457 310 4510 31
335 4458 443 4506 tirannos
