3212 5326
261 301 302 368 76
621 297 701 339 DlAL.
717 296 754 339 lV.
783 295 824 338 Du
839 297 892 338 lRA
907 296 962 342 ΠΒ.
977 297 1007 339 11.
1035 298 1119 340 2128.

258 447 360 510 silium
384 447 425 508 de
449 445 514 506 uita
536 451 645 504 nostra
668 443 846 505 mittamur:
877 443 903 504 si
926 443 1028 504 modo
1052 461 1162 505 uerum
1185 444 1243 525 ipsi
1266 444 1357 506 nobis
1382 445 1490 508 dicere

238 549 458 626 uoluerimus,
481 550 577 632 pluris
600 548 687 610 litem
710 557 853 610 nostram
876 549 1121 610 aestimabimus,

347 656 497 721 XXVIIL
543 655 578 718 Si
600 654 745 718 uolumus
768 656 860 736 aequi
882 675 987 717 rerum
1010 657 1153 717 omnium
1168 646 1294 718 iudices
1317 675 1397 732 esse,
1425 656 1523 718 hoel

259 767 395 849 primum
426 763 519 825 nobis
548 763 814 842 persuadeamus,
845 761 1005 824 neminem
1035 770 1180 824 nostrum
1204 781 1274 824 esse
1294 763 1363 824 sine
1386 763 1491 848 culpa.

232 873 331 934 shinc
354 871 437 932 enim
460 868 603 931 maxima
633 868 807 949 indignatio
839 869 955 930 oritur:
998 868 1073 930 nihil
1093 870 1223 951 peccaui
1254 878 1286 931 et
1316 868 1391 930 nihil
1422 869 1492 932 leci.

256 981 358 1040 immo
381 975 455 1037 nihil
478 974 591 1036 lateris.
631 972 832 1055 indignamur
854 975 957 1056 aliqua
979 977 1198 1038 admonitione
1220 984 1274 1037 aut
1296 976 1493 1038 coercitione

258 1105 318 1146 nos
340 1083 529 1162 castigatos,
560 1102 632 1143 cum
662 1081 716 1143 illo
747 1083 817 1164 ipso
846 1089 992 1164 tempore
1022 1103 1207 1164 peccemuS,
1237 1102 1302 1165 quo
1333 1083 1493 1144 adicimus

258 1187 431 1256 malefactis
462 1188 682 1268 adrogantiam
721 1197 754 1249 et
792 1189 1035 1250 contumaciam.
1080 1190 1149 1270 quis
1192 1197 1241 1250 est
1278 1190 1337 1250 iste
1367 1189 1424 1269 qui
1457 1205 1525 1255 sea

257 1295 424 1378 profitetur
460 1293 608 1356 omnibus
647 1292 770 1374 legibus
800 1294 1022 1356 innocentem?
1061 1303 1095 1356 ut
1125 1294 1188 1358 hoc
1217 1296 1262 1356 ita
1294 1295 1350 1369 sit,
1390 1315 1493 1375 quam

219 1425 244 1464 ιο
258 1409 394 1482 angusta
423 1400 601 1462 innocentia
631 1410 681 1462 est
710 1401 752 1462 ad
775 1398 880 1481 legem
904 1401 1026 1463 bonum
1050 1405 1149 1464 esse?
1173 1409 1293 1482 quanto
1323 1400 1417 1462 latius
1444 1400 1492 1462 oi-

257 1507 401 1570 ficiorum
423 1515 512 1588 patet
535 1525 632 1589 quam
656 1507 728 1568 iuris
751 1505 880 1587 regula?
911 1527 1007 1588 quam
1039 1507 1139 1569 multa
1160 1509 1274 1590 pietas,
1298 1506 1494 1581 humanitas,

257 1613 434 1688 liberalitas
457 1613 581 1687 iustitia,
604 1611 684 1674 fides
707 1614 848 1694 exigunt,
871 1633 954 1695 quae
969 1614 1076 1676 omnia
1097 1623 1193 1676 extra
1204 1612 1345 1695 publicas
1362 1612 1494 1674 tabulas

258 1723 350 1782 sunt?
388 1719 446 1781 sed
476 1738 517 1779 ne
536 1720 590 1786 ‚ad
619 1718 703 1780 illam
731 1720 860 1800 quidem
883 1716 1072 1782 artissimam
1096 1719 1293 1782 innocentiae
1315 1719 1493 1783 formulam
1512 1737 1526 1786 3

258 1834 418 1907 praestare
441 1844 501 1886 nos
523 1845 712 1905 possumus:
746 1825 806 1886 alia
828 1824 967 1899 secimuS,
990 1826 1051 1887 alia
1073 1826 1290 1906 cogitauimus,
1313 1826 1373 1888 alia
1398 1840 1493 1909 opta-

219 1955 244 1994 ra
259 1933 374 2007 uimuS,
404 1930 469 1992 aliis
499 1929 649 2006 sauimuS,
679 1932 711 1992 in
733 1931 924 2012 quibusdam
954 1933 1138 1994 innocentes
1162 1953 1288 2008 sumus,
1318 1934 1393 2015 quia
1424 1953 1494 1994 non

258 2038 416 2100 successit
452 2037 515 2099 hoc
529 2038 706 2118 cogitantes
729 2038 892 2118 aequiores
915 2039 1012 2100 simus
1035 2036 1296 2120 delinquentibus,
1320 2041 1529 2104 credamust

257 2142 517 2224 obiurgantibus:
551 2144 658 2224 utique
679 2143 773 2206 nobis
795 2163 836 2204 ne
859 2145 1029 2207 irascamur
1058 2146 1117 2219 (cui
1141 2147 1224 2206 enim
1248 2165 1321 2221 non,
1345 2146 1371 2207 si
1395 2145 1494 2208 nobis

258 2269 385 2333 quoque
394 2252 428 2326 ?)‚
459 2250 586 2311 minime
617 2251 674 2311 dis.
713 2269 778 2311 non
809 2251 892 2312 enim
924 2249 1063 2326 illorum,
1094 2253 1153 2314 sed
1183 2251 1255 2332 lege
1285 2251 1495 2314 mortalitatis

257 2357 395 2439 patimur
431 2357 584 2436 quidquid
622 2356 818 2418 incommodi
853 2357 974 2419 accidit.
1020 2366 1053 2419 at
1084 2357 1189 2419 morbi
1219 2356 1413 2439 doloresque
1446 2359 1494 2419 in-

217 2485 244 2526 20
259 2471 394 2525 currunt.
438 2463 546 2543 utique
568 2460 673 2543 aliquo
697 2460 934 2542 defungendum
958 2473 1007 2524 est
1029 2463 1221 2525 domicilium
1245 2473 1337 2544 putre
1359 2465 1494 2526 sortitis

259 2569 381 2630 dicetur
403 2568 511 2649 aliquis
534 2568 617 2629 male
642 2568 683 2630 de
705 2577 738 2629 te
761 2568 903 2631 locutus:
938 2570 1044 2650 cogita
1067 2590 1107 2631 an
1130 2571 1216 2652 prior
1238 2569 1356 2644 feceris,
1381 2572 1496 2650 cogita

258 2674 299 2736 de
322 2694 417 2756 quam
449 2671 554 2735 multis
584 2671 729 2756 loquaris.
777 2675 969 2754 cogitemus,
1005 2677 1149 2757 inquam,
1180 2675 1258 2738 alios
1288 2697 1352 2737 non
1383 2676 1529 2744 faceres

257 2781 407 2857 iniuriam,
429 2781 488 2842 sed
510 2799 673 2870 reponere,
697 2780 775 2842 alios
797 2801 856 2863 pro
880 2781 972 2844 nobis
992 2781 1103 2858 lacere,
1127 2783 1204 2845 alios
1228 2791 1358 2846 coactos
1373 2782 1496 2858 iacere,

259 2887 336 2950 alios
358 2889 556 2968 ignorantes,
588 2886 683 2948 etiam
716 2906 773 2948 eos
804 2887 856 2966 qui
886 2887 1029 2950 uolentes
1060 2890 1257 2970 scientesque
1279 2888 1412 2963 faciunt,
1449 2910 1501 2950 ex*

217 3014 243 3055 as
257 2995 366 3055 iniuria
388 3005 495 3054 nostra
517 3013 583 3054 non
605 2994 706 3074 ipsam
729 2994 869 3055 iniuriam
893 3003 1021 3075 petere:
1048 3003 1102 3056 aut
1122 2995 1286 3058 dulcedine
1301 2994 1496 3057 urbanitatis

257 3099 425 3182 prolapsus
456 3107 517 3173 est,
548 3108 603 3160 aut
632 3098 705 3161 fecit
728 3099 859 3181 aliquid,
891 3120 955 3161 non
986 3110 1021 3163 ut
1043 3101 1135 3164 nobis
1158 3103 1302 3177 obesset,
1333 3103 1392 3163 sed
1416 3103 1498 3184 quia

258 3206 408 3286 consequi
439 3205 505 3287 ipse
535 3225 600 3267 non
630 3214 773 3287 poterat,
811 3207 868 3267 nisi
899 3226 958 3268 nos
989 3208 1161 3290 repulisset.
1210 3228 1306 3289 saepe
1336 3208 1531 3286 adulati0,tt

258 3311 334 3373 dum
365 3311 538 3387 blanditur,
569 3310 713 3373 offendit.
759 3313 896 3392 quisquis
928 3314 969 3374 ad
992 3333 1026 3374 se
1057 3313 1225 3390 rettulerit,
1249 3315 1396 3396 quotiens
1420 3315 1497 3398 ipse

258 3419 289 3478 in
319 3415 529 3500 suspicionem
559 3417 671 3479 falsam
702 3418 860 3494 inciderit,
891 3439 987 3500 quam
1016 3419 1121 3481 multis
1144 3419 1252 3482 officiis
1275 3421 1338 3482 suis
1360 3419 1497 3483 fortuna

218 3525 396 3605 inspeciem
420 3505 545 3586 iniuriae
569 3525 711 3599 induerit,
734 3544 830 3606 quam
846 3523 964 3587 multos
979 3534 1054 3607 post
1073 3526 1182 3588 odium
1206 3546 1313 3588 amare
1337 3529 1496 3609 coeperit,

257 3630 375 3711 poterit
397 3651 462 3691 non
484 3630 590 3692 statim
614 3631 720 3705 irasci,
751 3631 858 3715 utique
888 3631 913 3692 si
940 3630 1000 3693 sibi
1027 3633 1140 3694 tacitus
1163 3633 1204 3695 ad
1227 3631 1350 3712 singula
1372 3634 1496 3715 quibus

259 3841 274 3892 5
295 3841 378 3894 oritur.
409 3841 479 3890 Nihil
492 3841 590 3913 uutpm
611 3844 853 3914 interpunctionem
866 3845 990 3899 correxit
1005 3842 1087 3899 Gertz
1160 3846 1175 3896 n
1195 3846 1348 3895 §monitione
1361 3847 1389 3910 (a
1402 3847 1495 3912 corr.)

314 3928 330 3980 7
343 3947 392 3995 quo
405 3928 604 3999 Neapolitana:
618 3934 686 3996 quod
698 3929 770 3990 coda
779 3931 873 3986 Haase
886 3939 997 3998 tempore
1009 3930 1154 3986 delendum
1168 3937 1260 3986 censet
1312 3932 1329 3985 8
1342 3937 1496 3999 arrogantia

259 4035 349 4106 (prior
367 4053 379 4085 r
399 4037 482 4103 corr.)
563 4038 595 4109 12
613 4032 748 4088 liberalites
768 4032 805 4106 (a⁵
824 4039 907 4106 corr.)
985 4035 1082 4090 tabula⁵
1103 4047 1157 4089 sunt
1242 4038 1275 4091 14
1293 4056 1339 4090 nos
1359 4041 1381 4108 (s
1401 4045 1493 4108 corr.)

343 4124 376 4177 18
396 4127 442 4175 diis
529 4125 560 4178 19
580 4133 604 4176 at
624 4127 719 4194 (corr.)
810 4128 845 4182 20
863 4130 945 4193 utique
965 4128 1047 4193 aliquo
1068 4129 1249 4194 defungendum
1268 4125 1400 4198 Madniq:
1421 4133 1491 4197 utiq;

258 4215 358 4278 aliquod
371 4215 492 4286 fugiendtt
506 4213 535 4281 (ti
549 4217 631 4282 corr.)
699 4217 732 4270 23
748 4219 819 4282 pnob
832 4215 902 4281 cod„
915 4215 940 4269 Ιι.
954 4234 977 4270 e.
990 4234 1036 4283 pro
1049 4218 1130 4279 nobis,
1148 4222 1178 4270 ut
1191 4213 1316 4270 Muretus
1333 4219 1495 4289 scrmserat

258 4305 285 4355 et
302 4300 396 4355 Haase
414 4302 537 4371 reposuit
554 4302 621 4368 inre,
640 4304 692 4358 etsi
708 4305 880 4376 vituperatus
899 4322 916 4358 α
936 4303 1062 4364 Gertzi0;
1082 4303 1133 4359 hoc
1145 4305 1222 4372 ¹enim
1241 4304 1315 4374 dicit,
1333 4305 1493 4376 aliquando

258 4395 355 4443 contro
373 4405 423 4444 nos
438 4389 517 4459 sacta
535 4391 691 4460 opinatam,
710 4409 781 4462 quae
799 4394 860 4463 quis
877 4410 931 4464 pro
949 4394 1027 4450 nobis
1042 4394 1141 4464 fucere
1159 4393 1214 4448 sibi
1230 4395 1306 4449 uisus
1325 4405 1365 4450 est
