3212 5326
445 351 516 394 lllAl.
540 353 564 396 V.
597 354 634 394 lm
651 353 699 394 llirl
718 356 769 396 lrlli.
787 355 825 398 lll.
855 357 887 398 aa.
905 357 937 398 lt.
1067 373 1069 380 ’
1241 367 1299 428 113

98 497 150 560 lora
169 497 336 582 defatigat,
361 507 466 580 patres
489 498 667 582 liberosque
690 504 868 578 committit,
892 523 1012 566 uenena
1036 505 1154 576 miscet,
1178 506 1302 586 gladios

96 616 147 667 tam
167 606 405 688 percussoribus
420 627 516 688 quam
533 607 710 688 legionibus
725 611 828 674 tradit.
866 611 945 674 haec
961 620 1009 674 est
1025 613 1176 692 sanguine
1192 623 1301 676 nostro

93 711 222 796 delibuta.
275 723 407 794 propter
438 712 519 776 hanc
550 735 685 778 uxorum
726 718 974 799 maritorumque
1010 727 1121 780 noctes
1159 728 1302 800 strepunt

93 819 177 881 litibus
209 828 242 880 et
276 817 440 882 tribunalia
472 822 711 902 magistratuum
743 827 859 904 premit
890 824 998 898 turba,
1037 843 1128 906 reges
1160 827 1302 890 saeuiunt

92 929 260 1008 rapiuntque
277 935 309 988 et
326 927 466 990 ciuitates
482 926 580 1008 longo
596 928 792 992 saeculorum
810 929 918 992 labore
935 940 1130 994 constructas
1147 943 1328 1009 euertuntt

68 1037 117 1094 lut
143 1054 249 1095 aurum
275 1044 504 1115 argentumque
528 1035 558 1096 in
582 1038 684 1098 cinere
714 1036 835 1099 urbium
859 1047 1045 1102 scrutentur.
1092 1037 1169 1101 libet
1192 1039 1303 1103 intueri

91 1139 166 1202 fiscos
195 1142 227 1202 in
267 1140 385 1222 angulo
423 1143 572 1204 iacentis:
613 1141 644 1206 hi
680 1151 752 1206 sunt
783 1152 913 1226 propter
943 1163 1023 1226 quos
1054 1143 1134 1208 oculi
1164 1145 1302 1210 clamore

90 1247 307 1327 exprimantur,
346 1246 469 1310 fremitu
494 1248 693 1330 ,iudiciorum
725 1248 868 1312 basilicae
900 1260 1064 1326 resonent,
1104 1254 1228 1315 euocati
1260 1273 1302 1316 ex
1393 1285 1395 1290 v

89 1351 252 1434 longinquis
292 1353 470 1434 regionibus
509 1355 627 1418 iudices
665 1356 798 1418 sedeant
837 1355 1014 1430 iudicaturi,
1058 1357 1154 1422 utrius
1192 1359 1302 1422 iustior

63 1463 74 1511 :l
88 1459 200 1523 auaritia
224 1460 274 1522 sit.
314 1460 389 1542 quid
412 1461 437 1522 si
461 1481 500 1522 ne
524 1469 654 1544 propter
678 1461 787 1525 fiscum
812 1463 949 1543 quidem,
975 1463 1031 1526 sed
1056 1483 1197 1544 pugnum
1221 1468 1301 1528 aeris
1317 1481 1341 1522 n

87 1574 131 1628 aut
156 1567 336 1648 inputatum
367 1586 386 1628 a
417 1587 510 1630 seruo
541 1568 703 1630 denarium
734 1589 834 1631 senex
872 1569 938 1632 sine
977 1567 1094 1632 herede
1133 1574 1301 1634 moriturus

86 1673 239 1736 stomacho
273 1674 479 1756 dirumpitur?
518 1675 593 1756 quid
617 1677 640 1736 si
665 1683 796 1756 propter
827 1695 952 1738 usuram
979 1700 990 1726 x
1014 1685 1069 1738 aut
1092 1675 1320 1741 milensimam·

86 1778 317 1852 ualetudinarius
340 1779 498 1844 fenerator
522 1781 661 1844 distortis
685 1781 820 1861 pedibus
840 1792 876 1866 ¹et
900 1782 1046 1846 manibus
1069 1784 1111 1844 ad
1126 1774 1299 1864 conputan-

86 1888 148 1948 dum
171 1907 236 1948 non
261 1886 375 1950 relictis
399 1885 514 1950 clamat
537 1907 574 1950 ac
597 1909 653 1968 per
675 1887 854 1951 uadimonia
870 1909 956 1952 asses
972 1909 1046 1952 suos
1062 1892 1092 1953 in
1108 1891 1181 1971 ipsis
1198 1893 1301 1956 morbi

61 1991 304 2056 laccessionibus
333 1995 489 2056 uindicat?
527 1995 553 2057 si
577 2003 678 2058 totam
704 1994 778 2058 mihi
802 2016 843 2058 ex
868 1996 1015 2058 omnibus
1039 1996 1188 2073 metallis,
1219 2019 1301 2080 quae
1318 2013 1340 2056 ra

84 2119 143 2162 curn
166 2100 310 2162 maxime
331 2100 542 2180 deprimimus
567 2101 731 2182 pecuniam
748 2101 896 2184 proferas,
921 2103 946 2164 si
962 2103 992 2164 in
1009 2104 1149 2166 medium
1166 2105 1300 2186 proicias

84 2206 223 2288 quidquid
247 2205 407 2268 thensauri
432 2216 544 2287 tegunt
567 2208 702 2271 auaritia'
720 2209 832 2270 iterum
849 2209 908 2272 sub
924 2218 1023 2272 terras
1039 2208 1202 2286 referente,
1219 2233 1300 2293 quae

83 2312 154 2376 male
176 2321 359 2396 egesserat:
386 2333 514 2376 omnem
539 2316 631 2377 istam
655 2317 837 2396 congeriem
861 2336 926 2378 non
947 2323 1056 2396 putem
1073 2319 1202 2398 dignam
1219 2339 1300 2399 quae

83 2417 207 2482 irontem
241 2420 297 2482 uiri
330 2419 406 2482 boni
429 2419 604 2484 contrahat.
651 2430 770 2501 quanto
794 2422 855 2484 risu
879 2424 1101 2505 prosequenda
1123 2433 1196 2486 sunt
1219 2445 1300 2507 quae

83 2526 162 2590 nobis
185 2525 330 2589 lacrimas
356 2528 514 2590 educunt?
1313 2545 1340 2586 2⁰

60 2629 64 2678 ¹
161 2633 314 2696 XXXIV.
362 2633 451 2698 Cedo
475 2655 572 2710 nunc,
597 2655 785 2718 persequere
811 2644 927 2710 cetera,
952 2635 1050 2711 cibos
1073 2638 1219 2718 potiones
1243 2637 1299 2700 ho-

83 2759 204 2822 rumque
228 2759 322 2803 causa
345 2751 472 2822 paratas
488 2743 517 2802 in
533 2741 742 2804 ambitionem
761 2742 937 2817 munditias,
955 2742 1060 2818 uerba,
1085 2743 1299 2819 contumelias,

82 2857 178 2910 motus
202 2867 372 2930 corporum
397 2867 507 2928 parum
532 2847 722 2910 honorificos
747 2857 778 2910 et
806 2849 1015 2929 suspiciones,
1046 2857 1078 2911 et
1100 2850 1300 2914 contumacia

82 2951 210 3016 iumenta
233 2964 264 3018 et
288 2956 380 3036 pigra
402 2955 564 3038 mancipia,
588 2954 862 3036 interpretationes
886 2952 1039 3036 malignas
1061 2956 1148 3018 uocis
1171 2955 1299 3032 alienae,
1354 2981 1356 2986 ’

80 3059 183 3140 quibus
207 3060 353 3136 efficitur,
385 3070 418 3124 ut
441 3061 521 3123 inter
543 3062 667 3124 iniurias
691 3071 821 3124 naturae
844 3072 1023 3125 numeretur
1046 3082 1152 3124 sermo
1176 3062 1296 3128 homini
1311 3047 1337 3118 25

80 3165 185 3229 datusr'
217 3169 312 3230 crede
340 3167 431 3242 mihi,
463 3166 543 3230 leuia
566 3177 637 3229 sunt
661 3177 792 3250 propter
815 3147 896 3250 quae
920 3189 984 3230 non
1008 3167 1117 3232 leuiter
1141 3171 1298 3232 excande-

52 3273 203 3348 luimus,
234 3274 399 3356 qualiaque
423 3295 537 3357 pueros
562 3276 591 3336 in
616 3275 717 3337 rixam
742 3285 774 3338 et
797 3275 930 3356 iurgium
955 3276 1121 3339 concitant.
1161 3275 1234 3339 nihil
1257 3297 1300 3338 ex

78 3377 119 3440 his
148 3401 229 3462 quae
261 3390 328 3442 tam
360 3381 463 3443 tristes
494 3382 632 3462 agimus,
663 3381 778 3444 serium
811 3390 874 3456 est,
906 3381 980 3444 nihil
1012 3403 1184 3462 magnum:
1218 3383 1300 3459 inde,

77 3486 213 3566 inquam,
246 3487 338 3550 uobis
361 3487 406 3550 ira
429 3497 461 3550 et
484 3487 602 3550 insania
626 3497 690 3563 est,
713 3491 801 3569 quod
826 3489 941 3568 exigua
965 3508 1083 3569 magno
1107 3492 1298 3553 aestumatis.

76 3591 193 3655 auferre
221 3593 272 3656 hic
303 3593 378 3656 mihi
410 3592 619 3658 hereditatem
644 3593 750 3657 uoluit
797 3594 847 3657 hic
871 3615 922 3658 me
946 3596 998 3657 diu
1023 3596 1053 3656 in
1076 3616 1168 3678 spem
1191 3616 1297 3679 supre-
1313 3612 1339 3651 ³0

80 3808 702 3894 ldefatigat(aprimacorr.,sniisorlassee)'
762 3825 895 3877 3dilibuta
962 3818 1081 3890 lpremit
1128 3825 1293 3914 'ditemini

169 3963 278 4047 {iunius
298 3963 383 4036 Neripi.
403 3930 484 4016 ulrsllls
597 3966 625 4020 10
645 3939 696 4018 liin
788 3983 896 4031 pugnam
916 3967 963 4030 eris
983 3965 1007 4033 (a
1027 3982 1065 4020 ex
1083 3984 1097 4016 u
1114 3965 1203 4035 sacia)

82 4053 107 4102 1‘2
136 4063 178 4102 aut
213 4053 345 4118 (lineolam
370 4051 477 4108 eddidit
501 4055 599 4120 corr.);
633 4060 695 4108 ante
720 4061 760 4105 aut
792 4053 963 4108 intercidisse
990 4053 1099 4108 uidetur
1124 4057 1297 4106 centensimam

77 4139 118 4194 nel
139 4141 229 4195 simile
250 4143 316 4212 quid
429 4143 456 4196 13
480 4144 669 4194 ualetudinarius
697 4144 734 4211 (in
754 4159 841 4214 marq.
866 4144 1054 4195 ualetudinarius
1080 4160 1113 4198 m.
1141 4147 1155 4195 3
1175 4141 1297 4210 addidit)

156 4242 277 4304 fenerator
365 4243 397 4290 ad
417 4241 599 4308 conputandum
621 4239 783 4296 Pincianus:
806 4244 838 4291 ad
857 4243 1031 4308 comparandis
1124 4239 1156 4295 17
1176 4234 1298 4314 theirsauri

97 4407 110 4445 h
164 4335 202 4389 22
219 4347 313 4404 paratas
333 4341 356 4388 in
375 4335 504 4408 Madniq:
531 4347 643 4404 paratam
739 4337 772 4392 27
798 4341 927 4405 qualiaque
948 4337 1044 4394 Gertz:
1072 4339 1202 4406 qualiaque

77 4463 126 4510 exis
220 4461 253 4516 28
272 4464 348 4514 tristes
367 4460 422 4516 El:
445 4465 511 4514 triste
583 4465 616 4516 an
637 4466 707 4514 uobis
730 4463 881 4519 deteriores
896 4464 995 4534 pauci:
1017 4465 1088 4514 nobis

1068 4553 1084 4604 n
