<?xml version="1.0" encoding="UTF-8"?>
<!DOCTYPE html PUBLIC "-//W3C//DTD XHTML 1.0 Transitional//EN"
    "http://www.w3.org/TR/xhtml1/DTD/xhtml1-transitional.dtd">
<html xmlns="http://www.w3.org/1999/xhtml" xml:lang="en" lang="en">
 <head>
  <title>
</title>
<meta http-equiv="Content-Type" content="text/html;charset=utf-8" />
  <meta name='ocr-system' content='tesseract 3.04.00' />
  <meta name='ocr-capabilities' content='ocr_page ocr_carea ocr_par ocr_line ocrx_word'/>
</head>
<body>
  <div class='ocr_page' id='page_1' title='image "./lannaeisenecaed01vahlgoog_0185.png"; bbox 0 0 3184 5318; ppageno 0'>
   <div class='ocr_carea' id='block_1_1' title="bbox 306 373 1306 443">
    <p class='ocr_par' dir='ltr' id='par_1_1' title="bbox 306 373 1306 443">
     <span class='ocr_line' id='line_1_1' title="bbox 306 373 1306 443; baseline 0.003 -28"><span class='ocrx_word' id='word_1_1' title='bbox 306 383 365 443; x_wconf 71' lang='grc'>144</span> <span class='ocrx_word' id='word_1_2' title='bbox 521 375 599 418; x_wconf 74' lang='lat' dir='ltr'>ulau.</span> <span class='ocrx_word' id='word_1_3' title='bbox 615 375 652 418; x_wconf 88' lang='lat' dir='ltr'>Vl.</span> <span class='ocrx_word' id='word_1_4' title='bbox 683 375 722 416; x_wconf 81' lang='grc' dir='ltr'>ΑΟ</span> <span class='ocrx_word' id='word_1_5' title='bbox 738 375 880 418; x_wconf 75' lang='lat' dir='ltr'>Manciam</span> <span class='ocrx_word' id='word_1_6' title='bbox 898 376 936 416; x_wconf 80' lang='lat' dir='ltr'>DE</span> <span class='ocrx_word' id='word_1_7' title='bbox 950 373 1194 417; x_wconf 77' lang='lat' dir='ltr'>CONSOLATIONE.</span> <span class='ocrx_word' id='word_1_8' title='bbox 1224 378 1256 420; x_wconf 70' lang='lat'>19.</span> <span class='ocrx_word' id='word_1_9' title='bbox 1272 377 1306 418; x_wconf 77' lang='lat'>2⁰.</span> 
     </span>
    </p>
   </div>
   <div class='ocr_carea' id='block_1_2' title="bbox 246 505 1586 3474">
    <p class='ocr_par' dir='ltr' id='par_1_2' title="bbox 246 505 1540 921">
     <span class='ocr_line' id='line_1_2' title="bbox 246 505 1511 604; baseline -0.002 -21"><span class='ocrx_word' id='word_1_10' title='bbox 246 505 255 520; x_wconf 66' lang='grc'><strong>’</strong></span> <span class='ocrx_word' id='word_1_11' title='bbox 300 519 374 583; x_wconf 86' lang='lat' dir='ltr'>nihil</span> <span class='ocrx_word' id='word_1_12' title='bbox 405 531 453 584; x_wconf 91' lang='lat' dir='ltr'>est</span> <span class='ocrx_word' id='word_1_13' title='bbox 484 530 515 583; x_wconf 91' lang='lat' dir='ltr'>et</span> <span class='ocrx_word' id='word_1_14' title='bbox 547 522 653 584; x_wconf 86' lang='lat' dir='ltr'>omnia</span> <span class='ocrx_word' id='word_1_15' title='bbox 684 523 713 584; x_wconf 96' lang='lat' dir='ltr'>in</span> <span class='ocrx_word' id='word_1_16' title='bbox 745 520 872 584; x_wconf 92' lang='lat' dir='ltr'>nihilum</span> <span class='ocrx_word' id='word_1_17' title='bbox 903 523 1033 604; x_wconf 83' lang='lat' dir='ltr'>redigit,</span> <span class='ocrx_word' id='word_1_18' title='bbox 1064 519 1137 583; x_wconf 93' lang='lat' dir='ltr'>nulli</span> <span class='ocrx_word' id='word_1_19' title='bbox 1168 541 1228 584; x_wconf 92' lang='lat' dir='ltr'>nos</span> <span class='ocrx_word' id='word_1_20' title='bbox 1256 518 1399 582; x_wconf 81' lang='lat' dir='ltr'>fortunae</span> <span class='ocrx_word' id='word_1_21' title='bbox 1420 521 1511 582; x_wconf 82' lang='lat' dir='ltr'>tradit.</span> 
     </span>
     <span class='ocr_line' id='line_1_3' title="bbox 302 627 1512 710; baseline -0.002 -20"><span class='ocrx_word' id='word_1_22' title='bbox 302 628 386 690; x_wconf 81' lang='lat' dir='ltr'>mala</span> <span class='ocrx_word' id='word_1_23' title='bbox 409 629 492 690; x_wconf 91' lang='lat' dir='ltr'>enim</span> <span class='ocrx_word' id='word_1_24' title='bbox 515 628 663 710; x_wconf 89' lang='lat' dir='ltr'>bonaque</span> <span class='ocrx_word' id='word_1_25' title='bbox 686 629 767 692; x_wconf 88' lang='lat' dir='ltr'>circa</span> <span class='ocrx_word' id='word_1_26' title='bbox 790 627 925 710; x_wconf 87' lang='lat' dir='ltr'>aliquam</span> <span class='ocrx_word' id='word_1_27' title='bbox 950 638 1112 692; x_wconf 89' lang='lat' dir='ltr'>uersantur</span> <span class='ocrx_word' id='word_1_28' title='bbox 1136 627 1308 690; x_wconf 85' lang='lat' dir='ltr'>materiam.</span> <span class='ocrx_word' id='word_1_29' title='bbox 1340 647 1402 688; x_wconf 92' lang='lat' dir='ltr'>non</span> <span class='ocrx_word' id='word_1_30' title='bbox 1417 633 1512 708; x_wconf 89' lang='lat' dir='ltr'>potest</span> 
     </span>
     <span class='ocr_line' id='line_1_4' title="bbox 300 733 1513 816; baseline -0.002 -21"><span class='ocrx_word' id='word_1_31' title='bbox 300 735 333 796; x_wconf 95' lang='lat' dir='ltr'>id</span> <span class='ocrx_word' id='word_1_32' title='bbox 356 733 481 796; x_wconf 88' lang='lat' dir='ltr'>fortuna</span> <span class='ocrx_word' id='word_1_33' title='bbox 503 741 627 808; x_wconf 89' lang='lat' dir='ltr'>tenere,</span> <span class='ocrx_word' id='word_1_34' title='bbox 650 736 738 816; x_wconf 92' lang='lat' dir='ltr'>quod</span> <span class='ocrx_word' id='word_1_35' title='bbox 761 744 873 797; x_wconf 88' lang='lat' dir='ltr'>natura</span> <span class='ocrx_word' id='word_1_36' title='bbox 895 735 1025 810; x_wconf 87' lang='lat' dir='ltr'>dimisit,</span> <span class='ocrx_word' id='word_1_37' title='bbox 1054 755 1112 797; x_wconf 93' lang='lat' dir='ltr'>nec</span> <span class='ocrx_word' id='word_1_38' title='bbox 1135 742 1243 816; x_wconf 90' lang='lat' dir='ltr'>potest</span> <span class='ocrx_word' id='word_1_39' title='bbox 1266 733 1360 795; x_wconf 91' lang='lat' dir='ltr'>miser</span> <span class='ocrx_word' id='word_1_40' title='bbox 1382 753 1446 794; x_wconf 89' lang='lat' dir='ltr'>esse</span> <span class='ocrx_word' id='word_1_41' title='bbox 1466 733 1513 813; x_wconf 92' lang='lat' dir='ltr'>qui</span> 
     </span>
     <span class='ocr_line' id='line_1_5' title="bbox 302 838 1540 921; baseline -0.005 -20"><span class='ocrx_word' id='word_1_42' title='bbox 302 838 401 902; x_wconf 93' lang='lat' dir='ltr'>nullus</span> <span class='ocrx_word' id='word_1_43' title='bbox 440 848 495 902; x_wconf 89' lang='lat' dir='ltr'>est.</span> <span class='ocrx_word' id='word_1_44' title='bbox 541 841 678 902; x_wconf 88' lang='lat' dir='ltr'>excessit</span> <span class='ocrx_word' id='word_1_45' title='bbox 716 839 794 903; x_wconf 86' lang='lat' dir='ltr'>filius</span> <span class='ocrx_word' id='word_1_46' title='bbox 832 850 904 904; x_wconf 91' lang='lat' dir='ltr'>tuus</span> <span class='ocrx_word' id='word_1_47' title='bbox 942 842 1110 915; x_wconf 91' lang='lat' dir='ltr'>terminos,</span> <span class='ocrx_word' id='word_1_48' title='bbox 1149 842 1230 902; x_wconf 90' lang='lat' dir='ltr'>intra</span> <span class='ocrx_word' id='word_1_49' title='bbox 1267 860 1348 921; x_wconf 93' lang='lat' dir='ltr'>quos</span> <span class='ocrx_word' id='word_1_50' title='bbox 1384 839 1540 900; x_wconf 68' lang='lat' dir='ltr'>seruituti·</span> 
     </span>
    </p>

    <p class='ocr_par' dir='ltr' id='par_1_3' title="bbox 275 945 1539 1453">
     <span class='ocr_line' id='line_1_6' title="bbox 275 945 1513 1029; baseline -0.001 -22"><span class='ocrx_word' id='word_1_51' title='bbox 275 947 427 1028; x_wconf 78' lang='lat' dir='ltr'>sexcepit</span> <span class='ocrx_word' id='word_1_52' title='bbox 450 945 535 1010; x_wconf 91' lang='lat' dir='ltr'>illum</span> <span class='ocrx_word' id='word_1_53' title='bbox 560 966 677 1028; x_wconf 82' lang='lat' dir='ltr'>magna</span> <span class='ocrx_word' id='word_1_54' title='bbox 699 956 731 1008; x_wconf 91' lang='lat' dir='ltr'>et</span> <span class='ocrx_word' id='word_1_55' title='bbox 754 956 883 1010; x_wconf 91' lang='lat' dir='ltr'>aeterna</span> <span class='ocrx_word' id='word_1_56' title='bbox 905 967 979 1028; x_wconf 89' lang='lat' dir='ltr'>pax.</span> <span class='ocrx_word' id='word_1_57' title='bbox 1024 967 1089 1010; x_wconf 93' lang='lat' dir='ltr'>non</span> <span class='ocrx_word' id='word_1_58' title='bbox 1112 947 1305 1029; x_wconf 87' lang='lat' dir='ltr'>paupertatis</span> <span class='ocrx_word' id='word_1_59' title='bbox 1329 954 1427 1018; x_wconf 91' lang='lat' dir='ltr'>metu,</span> <span class='ocrx_word' id='word_1_60' title='bbox 1455 965 1513 1006; x_wconf 94' lang='lat' dir='ltr'>non</span> 
     </span>
     <span class='ocr_line' id='line_1_7' title="bbox 302 1039 1513 1137; baseline 0 -25"><span class='ocrx_word' id='word_1_61' title='bbox 302 1053 477 1114; x_wconf 92' lang='lat' dir='ltr'>diuitiarum</span> <span class='ocrx_word' id='word_1_62' title='bbox 514 1073 603 1127; x_wconf 85' lang='lat' dir='ltr'>cura,</span> <span class='ocrx_word' id='word_1_63' title='bbox 639 1074 703 1115; x_wconf 93' lang='lat' dir='ltr'>non</span> <span class='ocrx_word' id='word_1_64' title='bbox 738 1052 872 1116; x_wconf 91' lang='lat' dir='ltr'>libidinis</span> <span class='ocrx_word' id='word_1_65' title='bbox 902 1073 958 1136; x_wconf 95' lang='lat' dir='ltr'>per</span> <span class='ocrx_word' id='word_1_66' title='bbox 989 1054 1187 1137; x_wconf 91' lang='lat' dir='ltr'>uoluptatem</span> <span class='ocrx_word' id='word_1_67' title='bbox 1217 1039 1340 1115; x_wconf 82' lang='lat' dir='ltr'>animos</span> <span class='ocrx_word' id='word_1_68' title='bbox 1370 1051 1513 1133; x_wconf 84' lang='lat' dir='ltr'>carpentis</span> 
     </span>
     <span class='ocr_line' id='line_1_8' title="bbox 301 1156 1512 1239; baseline 0 -21"><span class='ocrx_word' id='word_1_69' title='bbox 301 1156 432 1220; x_wconf 86' lang='lat' dir='ltr'>stimulis</span> <span class='ocrx_word' id='word_1_70' title='bbox 455 1159 622 1232; x_wconf 87' lang='lat' dir='ltr'>incessitur,</span> <span class='ocrx_word' id='word_1_71' title='bbox 647 1179 711 1222; x_wconf 93' lang='lat' dir='ltr'>non</span> <span class='ocrx_word' id='word_1_72' title='bbox 734 1159 849 1224; x_wconf 86' lang='lat' dir='ltr'>inuidia</span> <span class='ocrx_word' id='word_1_73' title='bbox 871 1158 1024 1222; x_wconf 77' lang='lat' dir='ltr'>felicitatis</span> <span class='ocrx_word' id='word_1_74' title='bbox 1046 1157 1166 1221; x_wconf 88' lang='lat' dir='ltr'>alienae</span> <span class='ocrx_word' id='word_1_75' title='bbox 1188 1159 1340 1239; x_wconf 85' lang='lat' dir='ltr'>tangitur,</span> <span class='ocrx_word' id='word_1_76' title='bbox 1363 1178 1423 1220; x_wconf 96' lang='lat' dir='ltr'>non</span> <span class='ocrx_word' id='word_1_77' title='bbox 1447 1178 1512 1219; x_wconf 89' lang='lat' dir='ltr'>suae</span> 
     </span>
     <span class='ocr_line' id='line_1_9' title="bbox 300 1264 1539 1347; baseline 0 -21"><span class='ocrx_word' id='word_1_78' title='bbox 300 1266 468 1345; x_wconf 91' lang='lat' dir='ltr'>premitur,</span> <span class='ocrx_word' id='word_1_79' title='bbox 498 1285 538 1326; x_wconf 91' lang='lat' dir='ltr'>ne</span> <span class='ocrx_word' id='word_1_80' title='bbox 567 1265 712 1327; x_wconf 90' lang='lat' dir='ltr'>conuiciis</span> <span class='ocrx_word' id='word_1_81' title='bbox 735 1264 865 1347; x_wconf 93' lang='lat' dir='ltr'>quidem</span> <span class='ocrx_word' id='word_1_82' title='bbox 889 1265 957 1328; x_wconf 94' lang='lat' dir='ltr'>ullis</span> <span class='ocrx_word' id='word_1_83' title='bbox 981 1265 1178 1328; x_wconf 88' lang='lat' dir='ltr'>uerecundae</span> <span class='ocrx_word' id='word_1_84' title='bbox 1201 1285 1291 1327; x_wconf 87' lang='lat' dir='ltr'>aures</span> <span class='ocrx_word' id='word_1_85' title='bbox 1314 1264 1539 1327; x_wconf 74' lang='lat' dir='ltr'>uerberantur.·</span> 
     </span>
     <span class='ocr_line' id='line_1_10' title="bbox 301 1369 1514 1453; baseline 0.001 -22"><span class='ocrx_word' id='word_1_86' title='bbox 301 1370 384 1432; x_wconf 88' lang='lat' dir='ltr'>nulla</span> <span class='ocrx_word' id='word_1_87' title='bbox 406 1370 531 1452; x_wconf 91' lang='lat' dir='ltr'>publica</span> <span class='ocrx_word' id='word_1_88' title='bbox 554 1371 660 1434; x_wconf 90' lang='lat' dir='ltr'>clades</span> <span class='ocrx_word' id='word_1_89' title='bbox 684 1373 880 1453; x_wconf 88' lang='lat' dir='ltr'>prospicitur,</span> <span class='ocrx_word' id='word_1_90' title='bbox 905 1370 989 1434; x_wconf 90' lang='lat' dir='ltr'>nulla</span> <span class='ocrx_word' id='word_1_91' title='bbox 1011 1371 1141 1453; x_wconf 90' lang='lat' dir='ltr'>priuata.</span> <span class='ocrx_word' id='word_1_92' title='bbox 1177 1391 1242 1435; x_wconf 93' lang='lat' dir='ltr'>non</span> <span class='ocrx_word' id='word_1_93' title='bbox 1265 1369 1411 1434; x_wconf 89' lang='lat' dir='ltr'>sollicitus</span> <span class='ocrx_word' id='word_1_94' title='bbox 1434 1369 1514 1432; x_wconf 84' lang='lat' dir='ltr'>futuri</span> 
     </span>
    </p>

    <p class='ocr_par' dir='ltr' id='par_1_4' title="bbox 263 1476 1513 1666">
     <span class='ocr_line' id='line_1_11' title="bbox 263 1476 1513 1560; baseline 0.003 -26"><span class='ocrx_word' id='word_1_95' title='bbox 263 1495 286 1535; x_wconf 85' lang='grc' dir='ltr'>ιο</span> <span class='ocrx_word' id='word_1_96' title='bbox 299 1477 420 1560; x_wconf 90' lang='lat' dir='ltr'>pendet</span> <span class='ocrx_word' id='word_1_97' title='bbox 451 1497 493 1538; x_wconf 92' lang='lat' dir='ltr'>ex</span> <span class='ocrx_word' id='word_1_98' title='bbox 517 1487 631 1540; x_wconf 90' lang='lat' dir='ltr'>euentu</span> <span class='ocrx_word' id='word_1_99' title='bbox 655 1498 782 1560; x_wconf 90' lang='lat' dir='ltr'>semper</span> <span class='ocrx_word' id='word_1_100' title='bbox 804 1477 970 1540; x_wconf 88' lang='lat' dir='ltr'>incertiora</span> <span class='ocrx_word' id='word_1_101' title='bbox 992 1478 1184 1560; x_wconf 91' lang='lat' dir='ltr'>rependenti.</span> <span class='ocrx_word' id='word_1_102' title='bbox 1232 1478 1361 1540; x_wconf 92' lang='lat' dir='ltr'>tandem</span> <span class='ocrx_word' id='word_1_103' title='bbox 1385 1476 1427 1538; x_wconf 93' lang='lat' dir='ltr'>ibi</span> <span class='ocrx_word' id='word_1_104' title='bbox 1450 1497 1513 1538; x_wconf 92' lang='lat' dir='ltr'>con-</span> 
     </span>
     <span class='ocr_line' id='line_1_12' title="bbox 300 1565 1109 1666; baseline 0.005 -22"><span class='ocrx_word' id='word_1_105' title='bbox 300 1565 387 1658; x_wconf 79' lang='lat' dir='ltr'>stitit,</span> <span class='ocrx_word' id='word_1_106' title='bbox 411 1585 496 1646; x_wconf 89' lang='lat' dir='ltr'>unde</span> <span class='ocrx_word' id='word_1_107' title='bbox 519 1583 561 1645; x_wconf 95' lang='lat' dir='ltr'>nil</span> <span class='ocrx_word' id='word_1_108' title='bbox 585 1605 656 1647; x_wconf 94' lang='lat' dir='ltr'>eum</span> <span class='ocrx_word' id='word_1_109' title='bbox 681 1583 785 1666; x_wconf 91' lang='lat' dir='ltr'>pellat,</span> <span class='ocrx_word' id='word_1_110' title='bbox 809 1585 862 1648; x_wconf 95' lang='lat' dir='ltr'>ubi</span> <span class='ocrx_word' id='word_1_111' title='bbox 885 1584 959 1647; x_wconf 92' lang='lat' dir='ltr'>nihil</span> <span class='ocrx_word' id='word_1_112' title='bbox 983 1593 1109 1648; x_wconf 87' lang='lat' dir='ltr'>terreat.</span> 
     </span>
    </p>

    <p class='ocr_par' dir='ltr' id='par_1_5' title="bbox 300 1689 1538 1986">
     <span class='ocr_line' id='line_1_13' title="bbox 390 1689 1538 1774; baseline 0 -22"><span class='ocrx_word' id='word_1_113' title='bbox 390 1690 462 1752; x_wconf 88' lang='lat' dir='ltr'>XX.</span> <span class='ocrx_word' id='word_1_114' title='bbox 501 1689 531 1753; x_wconf 95' lang='lat' dir='ltr'>O</span> <span class='ocrx_word' id='word_1_115' title='bbox 555 1691 683 1771; x_wconf 85' lang='lat' dir='ltr'>ignaros</span> <span class='ocrx_word' id='word_1_116' title='bbox 706 1690 861 1754; x_wconf 88' lang='lat' dir='ltr'>malorum</span> <span class='ocrx_word' id='word_1_117' title='bbox 884 1711 1013 1754; x_wconf 91' lang='lat' dir='ltr'>suorum</span> <span class='ocrx_word' id='word_1_118' title='bbox 1024 1721 1041 1766; x_wconf 89' lang='lat'>‚·</span> <span class='ocrx_word' id='word_1_119' title='bbox 1053 1691 1166 1774; x_wconf 91' lang='lat' dir='ltr'>quibus</span> <span class='ocrx_word' id='word_1_120' title='bbox 1189 1711 1253 1753; x_wconf 91' lang='lat' dir='ltr'>non</span> <span class='ocrx_word' id='word_1_121' title='bbox 1278 1711 1364 1752; x_wconf 90' lang='lat' dir='ltr'>mors</span> <span class='ocrx_word' id='word_1_122' title='bbox 1387 1700 1422 1753; x_wconf 92' lang='lat' dir='ltr'>ut</span> <span class='ocrx_word' id='word_1_123' title='bbox 1444 1693 1538 1772; x_wconf 90' lang='lat' dir='ltr'>opti-l</span> 
     </span>
     <span class='ocr_line' id='line_1_14' title="bbox 302 1795 1513 1880; baseline -0.002 -20"><span class='ocrx_word' id='word_1_124' title='bbox 302 1817 389 1860; x_wconf 93' lang='lat' dir='ltr'>mum</span> <span class='ocrx_word' id='word_1_125' title='bbox 420 1797 580 1860; x_wconf 90' lang='lat' dir='ltr'>inuentum</span> <span class='ocrx_word' id='word_1_126' title='bbox 612 1807 741 1860; x_wconf 91' lang='lat' dir='ltr'>naturae</span> <span class='ocrx_word' id='word_1_127' title='bbox 772 1797 916 1860; x_wconf 89' lang='lat' dir='ltr'>laudatur</span> <span class='ocrx_word' id='word_1_128' title='bbox 948 1807 1213 1880; x_wconf 86' lang='lat' dir='ltr'>expectaturque,</span> <span class='ocrx_word' id='word_1_129' title='bbox 1249 1799 1315 1859; x_wconf 90' lang='lat' dir='ltr'>siue</span> <span class='ocrx_word' id='word_1_130' title='bbox 1346 1795 1513 1860; x_wconf 75' lang='lat' dir='ltr'>felicitatem</span> 
     </span>
     <span class='ocr_line' id='line_1_15' title="bbox 300 1902 1514 1986; baseline -0.002 -21"><span class='ocrx_word' id='word_1_131' title='bbox 300 1903 445 1978; x_wconf 88' lang='lat' dir='ltr'>includit,</span> <span class='ocrx_word' id='word_1_132' title='bbox 469 1904 534 1966; x_wconf 91' lang='lat' dir='ltr'>siue</span> <span class='ocrx_word' id='word_1_133' title='bbox 558 1904 770 1968; x_wconf 89' lang='lat' dir='ltr'>calamitatem</span> <span class='ocrx_word' id='word_1_134' title='bbox 793 1903 930 1986; x_wconf 89' lang='lat' dir='ltr'>repellit,</span> <span class='ocrx_word' id='word_1_135' title='bbox 961 1906 1026 1966; x_wconf 92' lang='lat' dir='ltr'>siue</span> <span class='ocrx_word' id='word_1_136' title='bbox 1049 1905 1229 1967; x_wconf 87' lang='lat' dir='ltr'>satietatem</span> <span class='ocrx_word' id='word_1_137' title='bbox 1252 1924 1289 1966; x_wconf 93' lang='lat' dir='ltr'>ac</span> <span class='ocrx_word' id='word_1_138' title='bbox 1312 1902 1514 1966; x_wconf 89' lang='lat' dir='ltr'>lassitudinem</span> 
     </span>
    </p>

    <p class='ocr_par' dir='ltr' id='par_1_6' title="bbox 262 2009 1541 2414">
     <span class='ocr_line' id='line_1_16' title="bbox 262 2009 1515 2093; baseline 0.002 -26"><span class='ocrx_word' id='word_1_139' title='bbox 262 2027 286 2068; x_wconf 81' lang='lat' dir='ltr'>u</span> <span class='ocrx_word' id='word_1_140' title='bbox 300 2010 382 2072; x_wconf 90' lang='lat' dir='ltr'>senis</span> <span class='ocrx_word' id='word_1_141' title='bbox 405 2012 560 2085; x_wconf 90' lang='lat' dir='ltr'>terminat,</span> <span class='ocrx_word' id='word_1_142' title='bbox 583 2012 650 2072; x_wconf 90' lang='lat' dir='ltr'>siue</span> <span class='ocrx_word' id='word_1_143' title='bbox 673 2011 805 2074; x_wconf 91' lang='lat' dir='ltr'>iuuenile</span> <span class='ocrx_word' id='word_1_144' title='bbox 827 2032 943 2074; x_wconf 90' lang='lat' dir='ltr'>aeuom</span> <span class='ocrx_word' id='word_1_145' title='bbox 967 2012 1043 2074; x_wconf 94' lang='lat' dir='ltr'>dum</span> <span class='ocrx_word' id='word_1_146' title='bbox 1069 2011 1199 2074; x_wconf 86' lang='lat' dir='ltr'>meliora</span> <span class='ocrx_word' id='word_1_147' title='bbox 1214 2020 1380 2093; x_wconf 87' lang='lat' dir='ltr'>sperantur</span> <span class='ocrx_word' id='word_1_148' title='bbox 1403 2011 1434 2072; x_wconf 92' lang='lat' dir='ltr'>in</span> <span class='ocrx_word' id='word_1_149' title='bbox 1449 2009 1515 2072; x_wconf 88' lang='lat' dir='ltr'>flore</span> 
     </span>
     <span class='ocr_line' id='line_1_17' title="bbox 299 2114 1515 2199; baseline -0.001 -22"><span class='ocrx_word' id='word_1_150' title='bbox 299 2116 425 2192; x_wconf 89' lang='lat' dir='ltr'>decutit,</span> <span class='ocrx_word' id='word_1_151' title='bbox 449 2117 514 2180; x_wconf 89' lang='lat' dir='ltr'>siue</span> <span class='ocrx_word' id='word_1_152' title='bbox 536 2118 701 2199; x_wconf 89' lang='lat' dir='ltr'>pueritiam</span> <span class='ocrx_word' id='word_1_153' title='bbox 725 2125 799 2180; x_wconf 89' lang='lat' dir='ltr'>ante</span> <span class='ocrx_word' id='word_1_154' title='bbox 823 2118 963 2181; x_wconf 93' lang='lat' dir='ltr'>duriores</span> <span class='ocrx_word' id='word_1_155' title='bbox 986 2118 1103 2199; x_wconf 84' lang='lat' dir='ltr'>gradus</span> <span class='ocrx_word' id='word_1_156' title='bbox 1124 2127 1262 2192; x_wconf 89' lang='lat' dir='ltr'>reuocat,</span> <span class='ocrx_word' id='word_1_157' title='bbox 1285 2117 1435 2178; x_wconf 90' lang='lat' dir='ltr'>omnibus</span> <span class='ocrx_word' id='word_1_158' title='bbox 1449 2114 1515 2189; x_wconf 86' lang='lat' dir='ltr'>finis,</span> 
     </span>
     <span class='ocr_line' id='line_1_18' title="bbox 300 2222 1515 2319; baseline -0.002 -33"><span class='ocrx_word' id='word_1_159' title='bbox 300 2223 404 2286; x_wconf 91' lang='lat' dir='ltr'>multis</span> <span class='ocrx_word' id='word_1_160' title='bbox 428 2224 611 2319; x_wconf 68' lang='lat' dir='ltr'>remedium,</span> <span class='ocrx_word' id='word_1_161' title='bbox 635 2224 825 2306; x_wconf 89' lang='lat' dir='ltr'>quibusdam</span> <span class='ocrx_word' id='word_1_162' title='bbox 849 2233 968 2300; x_wconf 88' lang='lat' dir='ltr'>uotum,</span> <span class='ocrx_word' id='word_1_163' title='bbox 993 2225 1034 2288; x_wconf 92' lang='lat' dir='ltr'>de</span> <span class='ocrx_word' id='word_1_164' title='bbox 1057 2222 1146 2288; x_wconf 88' lang='lat' dir='ltr'>nullis</span> <span class='ocrx_word' id='word_1_165' title='bbox 1170 2223 1280 2286; x_wconf 92' lang='lat' dir='ltr'>melius</span> <span class='ocrx_word' id='word_1_166' title='bbox 1304 2224 1416 2286; x_wconf 88' lang='lat' dir='ltr'>merita</span> <span class='ocrx_word' id='word_1_167' title='bbox 1431 2243 1515 2306; x_wconf 92' lang='lat' dir='ltr'>quam</span> 
     </span>
     <span class='ocr_line' id='line_1_19' title="bbox 300 2331 1541 2414; baseline -0.002 -21"><span class='ocrx_word' id='word_1_168' title='bbox 300 2331 342 2393; x_wconf 92' lang='lat' dir='ltr'>de</span> <span class='ocrx_word' id='word_1_169' title='bbox 365 2331 409 2406; x_wconf 91' lang='lat' dir='ltr'>iis,</span> <span class='ocrx_word' id='word_1_170' title='bbox 432 2332 474 2393; x_wconf 95' lang='lat' dir='ltr'>ad</span> <span class='ocrx_word' id='word_1_171' title='bbox 497 2351 577 2413; x_wconf 92' lang='lat' dir='ltr'>quos</span> <span class='ocrx_word' id='word_1_172' title='bbox 601 2331 686 2394; x_wconf 88' lang='lat' dir='ltr'>uenit</span> <span class='ocrx_word' id='word_1_173' title='bbox 705 2339 876 2414; x_wconf 88' lang='lat' dir='ltr'>antequam</span> <span class='ocrx_word' id='word_1_174' title='bbox 892 2333 1096 2395; x_wconf 89' lang='lat' dir='ltr'>inuocaretur.</span> <span class='ocrx_word' id='word_1_175' title='bbox 1135 2331 1215 2394; x_wconf 88' lang='lat' dir='ltr'>haee</span> <span class='ocrx_word' id='word_1_176' title='bbox 1229 2331 1414 2393; x_wconf 88' lang='lat' dir='ltr'>seruitutem</span> <span class='ocrx_word' id='word_1_177' title='bbox 1430 2331 1541 2392; x_wconf 70' lang='lat' dir='ltr'>inuito?</span> 
     </span>
    </p>

    <p class='ocr_par' dir='ltr' id='par_1_7' title="bbox 261 2436 1515 2521">
     <span class='ocr_line' id='line_1_20' title="bbox 261 2436 1515 2521; baseline -0.001 -23"><span class='ocrx_word' id='word_1_178' title='bbox 261 2455 264 2459; x_wconf 56' lang='lat'><em>⁴</em></span> <span class='ocrx_word' id='word_1_179' title='bbox 300 2436 431 2498; x_wconf 92' lang='lat' dir='ltr'>domino</span> <span class='ocrx_word' id='word_1_180' title='bbox 462 2438 600 2500; x_wconf 88' lang='lat' dir='ltr'>remittit</span> <span class='ocrx_word' id='word_1_181' title='bbox 646 2437 726 2501; x_wconf 88' lang='lat' dir='ltr'>haec</span> <span class='ocrx_word' id='word_1_182' title='bbox 748 2440 947 2521; x_wconf 90' lang='lat' dir='ltr'>captiuorum</span> <span class='ocrx_word' id='word_1_183' title='bbox 970 2447 1097 2502; x_wconf 87' lang='lat' dir='ltr'>catenas</span> <span class='ocrx_word' id='word_1_184' title='bbox 1120 2438 1212 2501; x_wconf 86' lang='lat' dir='ltr'>leuat</span> <span class='ocrx_word' id='word_1_185' title='bbox 1258 2436 1338 2502; x_wconf 87' lang='lat' dir='ltr'>haec</span> <span class='ocrx_word' id='word_1_186' title='bbox 1361 2457 1379 2498; x_wconf 91' lang='lat' dir='ltr'>e</span> <span class='ocrx_word' id='word_1_187' title='bbox 1402 2455 1515 2498; x_wconf 88' lang='lat' dir='ltr'>carcere</span> 
     </span>
    </p>

    <p class='ocr_par' dir='ltr' id='par_1_8' title="bbox 258 2542 1586 2628">
     <span class='ocr_line' id='line_1_21' title="bbox 258 2542 1586 2628; baseline 0.002 -29"><span class='ocrx_word' id='word_1_188' title='bbox 258 2559 285 2599; x_wconf 79' lang='lat' dir='ltr'>ao</span> <span class='ocrx_word' id='word_1_189' title='bbox 300 2542 405 2605; x_wconf 91' lang='lat' dir='ltr'>educit</span> <span class='ocrx_word' id='word_1_190' title='bbox 434 2564 515 2625; x_wconf 91' lang='lat' dir='ltr'>quos</span> <span class='ocrx_word' id='word_1_191' title='bbox 546 2545 633 2606; x_wconf 91' lang='lat' dir='ltr'>exire</span> <span class='ocrx_word' id='word_1_192' title='bbox 663 2545 828 2627; x_wconf 92' lang='lat' dir='ltr'>imperium</span> <span class='ocrx_word' id='word_1_193' title='bbox 859 2546 1005 2628; x_wconf 89' lang='lat' dir='ltr'>inpotens</span> <span class='ocrx_word' id='word_1_194' title='bbox 1029 2554 1181 2608; x_wconf 90' lang='lat' dir='ltr'>uetuerat.</span> <span class='ocrx_word' id='word_1_195' title='bbox 1226 2544 1306 2607; x_wconf 89' lang='lat' dir='ltr'>haec</span> <span class='ocrx_word' id='word_1_196' title='bbox 1329 2544 1471 2607; x_wconf 87' lang='lat' dir='ltr'>exulibus</span> <span class='ocrx_word' id='word_1_197' title='bbox 1490 2544 1515 2604; x_wconf 91' lang='lat' dir='ltr'>in</span> <span class='ocrx_word' id='word_1_198' title='bbox 1585 2575 1586 2582; x_wconf 71' lang='lat'>.</span> 
     </span>
    </p>

    <p class='ocr_par' dir='ltr' id='par_1_9' title="bbox 258 2632 1584 3474">
     <span class='ocr_line' id='line_1_22' title="bbox 278 2632 1515 2734; baseline -0.001 -23"><span class='ocrx_word' id='word_1_199' title='bbox 278 2632 431 2730; x_wconf 61' lang='lat' dir='ltr'>&#39;patriam</span> <span class='ocrx_word' id='word_1_200' title='bbox 478 2671 604 2733; x_wconf 88' lang='lat' dir='ltr'>semper</span> <span class='ocrx_word' id='word_1_201' title='bbox 647 2653 786 2714; x_wconf 90' lang='lat' dir='ltr'>animum</span> <span class='ocrx_word' id='word_1_202' title='bbox 833 2651 1005 2734; x_wconf 91' lang='lat' dir='ltr'>oculosque</span> <span class='ocrx_word' id='word_1_203' title='bbox 1041 2652 1244 2715; x_wconf 90' lang='lat' dir='ltr'>tendentibus</span> <span class='ocrx_word' id='word_1_204' title='bbox 1280 2651 1419 2715; x_wconf 90' lang='lat' dir='ltr'>ostendit</span> <span class='ocrx_word' id='word_1_205' title='bbox 1452 2647 1515 2712; x_wconf 91' lang='lat' dir='ltr'>nihil</span> 
     </span>
     <span class='ocr_line' id='line_1_23' title="bbox 298 2757 1516 2842; baseline -0.002 -23"><span class='ocrx_word' id='word_1_206' title='bbox 298 2758 464 2834; x_wconf 90' lang='lat' dir='ltr'>interesse,</span> <span class='ocrx_word' id='word_1_207' title='bbox 493 2757 571 2820; x_wconf 90' lang='lat' dir='ltr'>infra</span> <span class='ocrx_word' id='word_1_208' title='bbox 593 2779 674 2842; x_wconf 93' lang='lat' dir='ltr'>quos</span> <span class='ocrx_word' id='word_1_209' title='bbox 697 2760 897 2840; x_wconf 83' lang='lat' dir='ltr'>quisiaceat.</span> <span class='ocrx_word' id='word_1_210' title='bbox 942 2760 1029 2834; x_wconf 90' lang='lat' dir='ltr'>haec,</span> <span class='ocrx_word' id='word_1_211' title='bbox 1053 2760 1107 2822; x_wconf 92' lang='lat' dir='ltr'>ubi</span> <span class='ocrx_word' id='word_1_212' title='bbox 1129 2781 1178 2822; x_wconf 90' lang='lat' dir='ltr'>res</span> <span class='ocrx_word' id='word_1_213' title='bbox 1202 2761 1378 2822; x_wconf 90' lang='lat' dir='ltr'>communis</span> <span class='ocrx_word' id='word_1_214' title='bbox 1403 2757 1516 2818; x_wconf 90' lang='lat' dir='ltr'>fortuna</span> 
     </span>
     <span class='ocr_line' id='line_1_24' title="bbox 299 2863 1515 2948; baseline -0.002 -22"><span class='ocrx_word' id='word_1_215' title='bbox 299 2863 381 2926; x_wconf 91' lang='lat' dir='ltr'>male</span> <span class='ocrx_word' id='word_1_216' title='bbox 412 2865 514 2927; x_wconf 91' lang='lat' dir='ltr'>diuisit</span> <span class='ocrx_word' id='word_1_217' title='bbox 545 2874 578 2928; x_wconf 88' lang='lat' dir='ltr'>et</span> <span class='ocrx_word' id='word_1_218' title='bbox 608 2886 711 2948; x_wconf 90' lang='lat' dir='ltr'>aequo</span> <span class='ocrx_word' id='word_1_219' title='bbox 742 2867 806 2928; x_wconf 94' lang='lat' dir='ltr'>iure</span> <span class='ocrx_word' id='word_1_220' title='bbox 837 2867 962 2947; x_wconf 85' lang='lat' dir='ltr'>genitos</span> <span class='ocrx_word' id='word_1_221' title='bbox 994 2864 1087 2928; x_wconf 91' lang='lat' dir='ltr'>alium</span> <span class='ocrx_word' id='word_1_222' title='bbox 1118 2865 1167 2928; x_wconf 92' lang='lat' dir='ltr'>alii</span> <span class='ocrx_word' id='word_1_223' title='bbox 1191 2866 1336 2940; x_wconf 90' lang='lat' dir='ltr'>donauit,</span> <span class='ocrx_word' id='word_1_224' title='bbox 1369 2872 1515 2946; x_wconf 91' lang='lat' dir='ltr'>exaequat</span> 
     </span>
     <span class='ocr_line' id='line_1_25' title="bbox 299 2971 1584 3058; baseline 0 -26"><span class='ocrx_word' id='word_1_225' title='bbox 299 2971 412 3033; x_wconf 90' lang='lat' dir='ltr'>omnia.</span> <span class='ocrx_word' id='word_1_226' title='bbox 459 2971 538 3036; x_wconf 89' lang='lat' dir='ltr'>haec</span> <span class='ocrx_word' id='word_1_227' title='bbox 568 2981 632 3048; x_wconf 92' lang='lat' dir='ltr'>est,</span> <span class='ocrx_word' id='word_1_228' title='bbox 662 2982 736 3054; x_wconf 92' lang='lat' dir='ltr'>post</span> <span class='ocrx_word' id='word_1_229' title='bbox 763 2993 860 3054; x_wconf 88' lang='lat' dir='ltr'>quam</span> <span class='ocrx_word' id='word_1_230' title='bbox 884 2972 957 3036; x_wconf 93' lang='lat' dir='ltr'>nihil</span> <span class='ocrx_word' id='word_1_231' title='bbox 980 2974 1145 3054; x_wconf 64' lang='lat' dir='ltr'>quisqffim</span> <span class='ocrx_word' id='word_1_232' title='bbox 1168 2971 1270 3036; x_wconf 87' lang='lat' dir='ltr'>alieno</span> <span class='ocrx_word' id='word_1_233' title='bbox 1293 2971 1366 3035; x_wconf 90' lang='lat' dir='ltr'>fecit</span> <span class='ocrx_word' id='word_1_234' title='bbox 1389 2971 1514 3036; x_wconf 90' lang='lat' dir='ltr'>arbitrio.</span> <span class='ocrx_word' id='word_1_235' title='bbox 1583 3055 1584 3058; x_wconf 8' lang='grc' dir='ltr'><strong>Ἴ</strong></span> 
     </span>
     <span class='ocr_line' id='line_1_26' title="bbox 258 3077 1584 3159; baseline -0.001 -20"><span class='ocrx_word' id='word_1_236' title='bbox 258 3089 284 3130; x_wconf 76' lang='lat'>²⁶</span> <span class='ocrx_word' id='word_1_237' title='bbox 298 3077 378 3140; x_wconf 88' lang='lat' dir='ltr'>haec</span> <span class='ocrx_word' id='word_1_238' title='bbox 401 3087 464 3153; x_wconf 91' lang='lat' dir='ltr'>est,</span> <span class='ocrx_word' id='word_1_239' title='bbox 492 3079 523 3140; x_wconf 94' lang='lat' dir='ltr'>in</span> <span class='ocrx_word' id='word_1_240' title='bbox 546 3099 608 3159; x_wconf 93' lang='lat' dir='ltr'>qua</span> <span class='ocrx_word' id='word_1_241' title='bbox 632 3099 728 3140; x_wconf 92' lang='lat' dir='ltr'>nemo</span> <span class='ocrx_word' id='word_1_242' title='bbox 751 3079 959 3142; x_wconf 89' lang='lat' dir='ltr'>humilitatem</span> <span class='ocrx_word' id='word_1_243' title='bbox 983 3099 1073 3142; x_wconf 91' lang='lat' dir='ltr'>suam</span> <span class='ocrx_word' id='word_1_244' title='bbox 1095 3079 1200 3142; x_wconf 78' lang='lat' dir='ltr'>sensit.</span> <span class='ocrx_word' id='word_1_245' title='bbox 1246 3079 1326 3142; x_wconf 91' lang='lat' dir='ltr'>haec</span> <span class='ocrx_word' id='word_1_246' title='bbox 1348 3088 1414 3154; x_wconf 90' lang='lat' dir='ltr'>est,</span> <span class='ocrx_word' id='word_1_247' title='bbox 1444 3097 1514 3159; x_wconf 90' lang='lat' dir='ltr'>quae</span> <span class='ocrx_word' id='word_1_248' title='bbox 1583 3081 1584 3092; x_wconf 58' lang='lat'>¹</span> 
     </span>
     <span class='ocr_line' id='line_1_27' title="bbox 297 3182 1514 3268; baseline 0.002 -24"><span class='ocrx_word' id='word_1_249' title='bbox 297 3182 372 3245; x_wconf 91' lang='lat' dir='ltr'>nulli</span> <span class='ocrx_word' id='word_1_250' title='bbox 401 3203 465 3247; x_wconf 91' lang='lat' dir='ltr'>non</span> <span class='ocrx_word' id='word_1_251' title='bbox 496 3184 605 3265; x_wconf 86' lang='lat' dir='ltr'>patuit.</span> <span class='ocrx_word' id='word_1_252' title='bbox 650 3184 729 3247; x_wconf 91' lang='lat' dir='ltr'>haec</span> <span class='ocrx_word' id='word_1_253' title='bbox 759 3193 824 3260; x_wconf 89' lang='lat' dir='ltr'>est,</span> <span class='ocrx_word' id='word_1_254' title='bbox 856 3185 990 3262; x_wconf 87' lang='lat' dir='ltr'>Marcia,</span> <span class='ocrx_word' id='word_1_255' title='bbox 1021 3206 1117 3268; x_wconf 90' lang='lat' dir='ltr'>quam</span> <span class='ocrx_word' id='word_1_256' title='bbox 1145 3194 1236 3267; x_wconf 88' lang='lat' dir='ltr'>pater</span> <span class='ocrx_word' id='word_1_257' title='bbox 1263 3195 1336 3248; x_wconf 91' lang='lat' dir='ltr'>tuus</span> <span class='ocrx_word' id='word_1_258' title='bbox 1360 3185 1514 3267; x_wconf 91' lang='lat' dir='ltr'>concupiit.</span> 
     </span>
     <span class='ocr_line' id='line_1_28' title="bbox 298 3279 1583 3374; baseline 0 -24"><span class='ocrx_word' id='word_1_259' title='bbox 298 3287 377 3351; x_wconf 92' lang='lat' dir='ltr'>haec</span> <span class='ocrx_word' id='word_1_260' title='bbox 400 3298 461 3369; x_wconf 90' lang='lat' dir='ltr'>est,</span> <span class='ocrx_word' id='word_1_261' title='bbox 484 3291 624 3372; x_wconf 90' lang='lat' dir='ltr'>inquam,</span> <span class='ocrx_word' id='word_1_262' title='bbox 648 3312 730 3373; x_wconf 91' lang='lat' dir='ltr'>quae</span> <span class='ocrx_word' id='word_1_263' title='bbox 753 3290 862 3366; x_wconf 87' lang='lat' dir='ltr'>efficit,</span> <span class='ocrx_word' id='word_1_264' title='bbox 894 3302 928 3354; x_wconf 95' lang='lat' dir='ltr'>ut</span> <span class='ocrx_word' id='word_1_265' title='bbox 951 3293 1036 3355; x_wconf 89' lang='lat' dir='ltr'>nasci</span> <span class='ocrx_word' id='word_1_266' title='bbox 1059 3313 1123 3354; x_wconf 93' lang='lat' dir='ltr'>non</span> <span class='ocrx_word' id='word_1_267' title='bbox 1146 3292 1186 3353; x_wconf 89' lang='lat' dir='ltr'>sit</span> <span class='ocrx_word' id='word_1_268' title='bbox 1209 3293 1412 3374; x_wconf 91' lang='lat' dir='ltr'>supplicium,</span> <span class='ocrx_word' id='word_1_269' title='bbox 1443 3308 1514 3374; x_wconf 89' lang='lat' dir='ltr'>quae</span> <span class='ocrx_word' id='word_1_270' title='bbox 1582 3279 1583 3310; x_wconf 67' lang='lat'>³</span> 
     </span>
     <span class='ocr_line' id='line_1_29' title="bbox 299 3393 1514 3474; baseline 0.001 -18"><span class='ocrx_word' id='word_1_271' title='bbox 299 3393 400 3470; x_wconf 88' lang='lat' dir='ltr'>efficit,</span> <span class='ocrx_word' id='word_1_272' title='bbox 424 3403 459 3458; x_wconf 89' lang='lat' dir='ltr'>ut</span> <span class='ocrx_word' id='word_1_273' title='bbox 481 3416 546 3459; x_wconf 92' lang='lat' dir='ltr'>non</span> <span class='ocrx_word' id='word_1_274' title='bbox 567 3396 732 3460; x_wconf 91' lang='lat' dir='ltr'>concidam</span> <span class='ocrx_word' id='word_1_275' title='bbox 750 3400 899 3460; x_wconf 90' lang='lat' dir='ltr'>aduersus</span> <span class='ocrx_word' id='word_1_276' title='bbox 916 3402 1016 3461; x_wconf 89' lang='lat' dir='ltr'>minas</span> <span class='ocrx_word' id='word_1_277' title='bbox 1032 3418 1170 3474; x_wconf 90' lang='lat' dir='ltr'>casuum,</span> <span class='ocrx_word' id='word_1_278' title='bbox 1194 3407 1229 3461; x_wconf 89' lang='lat' dir='ltr'>ut</span> <span class='ocrx_word' id='word_1_279' title='bbox 1244 3419 1370 3461; x_wconf 90' lang='lat' dir='ltr'>seruare</span> <span class='ocrx_word' id='word_1_280' title='bbox 1385 3400 1514 3461; x_wconf 91' lang='lat' dir='ltr'>animum</span> 
     </span>
    </p>
   </div>
   <div class='ocr_carea' id='block_1_3' title="bbox 301 3607 512 3618">
    <p class='ocr_par' dir='ltr' id='par_1_10' title="bbox 301 3607 512 3618">
     <span class='ocr_line' id='line_1_30' title="bbox 301 3607 512 3618; baseline 0.019 -4"><span class='ocrx_word' id='word_1_281' title='bbox 301 3607 512 3618; x_wconf 77' lang='lat'><strong>——-—-...</strong></span> 
     </span>
    </p>
   </div>
   <div class='ocr_carea' id='block_1_4' title="bbox 869 3727 881 3753">
    <p class='ocr_par' dir='ltr' id='par_1_11' title="bbox 869 3727 881 3753">
     <span class='ocr_line' id='line_1_31' title="bbox 869 3727 881 3753; baseline 0 0"><span class='ocrx_word' id='word_1_282' title='bbox 869 3727 881 3753; x_wconf 75' lang='lat' dir='ltr'>a</span> 
     </span>
    </p>
   </div>
   <div class='ocr_carea' id='block_1_5' title="bbox 297 3764 1580 4096">
    <p class='ocr_par' dir='ltr' id='par_1_12' title="bbox 297 3764 1580 4096">
     <span class='ocr_line' id='line_1_32' title="bbox 300 3764 1514 3836; baseline 0.002 -22"><span class='ocrx_word' id='word_1_283' title='bbox 300 3764 312 3815; x_wconf 89' lang='lat' dir='ltr'>l</span> <span class='ocrx_word' id='word_1_284' title='bbox 333 3766 410 3814; x_wconf 91' lang='lat' dir='ltr'>nichil</span> <span class='ocrx_word' id='word_1_285' title='bbox 511 3768 655 3818; x_wconf 91' lang='lat' dir='ltr'>innichilum</span> <span class='ocrx_word' id='word_1_286' title='bbox 758 3769 773 3821; x_wconf 82' lang='lat'><strong>2</strong></span> <span class='ocrx_word' id='word_1_287' title='bbox 800 3770 905 3835; x_wconf 87' lang='lat' dir='ltr'>aliquem</span> <span class='ocrx_word' id='word_1_288' title='bbox 1009 3771 1024 3822; x_wconf 81' lang='lat'><strong>6</strong></span> <span class='ocrx_word' id='word_1_289' title='bbox 1050 3787 1092 3819; x_wconf 89' lang='lat' dir='ltr'>ear</span> <span class='ocrx_word' id='word_1_290' title='bbox 1117 3767 1237 3836; x_wconf 70' lang='lat' dir='ltr'>(addidit</span> <span class='ocrx_word' id='word_1_291' title='bbox 1256 3785 1290 3821; x_wconf 89' lang='lat' dir='ltr'>m.</span> <span class='ocrx_word' id='word_1_292' title='bbox 1309 3784 1365 3822; x_wconf 81' lang='lat' dir='ltr'>rec.</span> <span class='ocrx_word' id='word_1_293' title='bbox 1385 3770 1426 3835; x_wconf 74' lang='lat' dir='ltr'>ru)</span> <span class='ocrx_word' id='word_1_294' title='bbox 1445 3767 1514 3833; x_wconf 82' lang='lat' dir='ltr'>pentis</span> 
     </span>
     <span class='ocr_line' id='line_1_33' title="bbox 380 3854 1514 3918; baseline -0.002 -16"><span class='ocrx_word' id='word_1_295' title='bbox 380 3857 396 3905; x_wconf 75' lang='grc' dir='ltr'>ὅ</span> <span class='ocrx_word' id='word_1_296' title='bbox 416 3856 533 3918; x_wconf 71' lang='lat' dir='ltr'>premitur</span> <span class='ocrx_word' id='word_1_297' title='bbox 617 3857 632 3907; x_wconf 76' lang='lat'><strong>9</strong></span> <span class='ocrx_word' id='word_1_298' title='bbox 653 3857 736 3906; x_wconf 88' lang='lat' dir='ltr'>clades</span> <span class='ocrx_word' id='word_1_299' title='bbox 755 3854 919 3910; x_wconf 79' lang='lat' dir='ltr'>deteriores:</span> <span class='ocrx_word' id='word_1_300' title='bbox 941 3859 1019 3908; x_wconf 87' lang='lat' dir='ltr'>eladis</span> <span class='ocrx_word' id='word_1_301' title='bbox 1102 3859 1220 3908; x_wconf 90' lang='lat' dir='ltr'>sollicitus</span> <span class='ocrx_word' id='word_1_302' title='bbox 1239 3855 1403 3912; x_wconf 63' lang='lat' dir='ltr'>deteriores:</span> <span class='ocrx_word' id='word_1_303' title='bbox 1425 3855 1514 3907; x_wconf 91' lang='lat' dir='ltr'>solliciti</span> 
     </span>
     <span class='ocr_line' id='line_1_34' title="bbox 383 3941 1580 4014; baseline 0.001 -21"><span class='ocrx_word' id='word_1_304' title='bbox 383 3942 414 3994; x_wconf 84' lang='lat' dir='ltr'>ll)</span> <span class='ocrx_word' id='word_1_305' title='bbox 438 3959 466 3991; x_wconf 88' lang='lat' dir='ltr'>ex</span> <span class='ocrx_word' id='word_1_306' title='bbox 485 3951 571 3993; x_wconf 90' lang='lat' dir='ltr'>euentu</span> <span class='ocrx_word' id='word_1_307' title='bbox 591 3941 648 3996; x_wconf 59' lang='lat' dir='ltr'>Eff:</span> <span class='ocrx_word' id='word_1_308' title='bbox 676 3951 699 3993; x_wconf 87' lang='lat' dir='ltr'>et</span> <span class='ocrx_word' id='word_1_309' title='bbox 718 3962 745 3994; x_wconf 90' lang='lat' dir='ltr'>ex</span> <span class='ocrx_word' id='word_1_310' title='bbox 766 3952 850 3995; x_wconf 89' lang='lat' dir='ltr'>euentu</span> <span class='ocrx_word' id='word_1_311' title='bbox 952 3962 1049 4012; x_wconf 90' lang='lat' dir='ltr'>semper</span> <span class='ocrx_word' id='word_1_312' title='bbox 1074 3947 1203 3996; x_wconf 88' lang='lat' dir='ltr'>incertiora</span> <span class='ocrx_word' id='word_1_313' title='bbox 1228 3948 1370 4011; x_wconf 89' lang='lat' dir='ltr'>rependenti</span> <span class='ocrx_word' id='word_1_314' title='bbox 1398 3943 1512 4014; x_wconf 65' lang='lat' dir='ltr'>Lipsius:</span> <span class='ocrx_word' id='word_1_315' title='bbox 1579 3951 1580 3956; x_wconf 78' lang='grc'>’</span> 
     </span>
     <span class='ocr_line' id='line_1_35' title="bbox 297 4031 1436 4096; baseline 0.002 -16"><span class='ocrx_word' id='word_1_316' title='bbox 297 4047 393 4096; x_wconf 90' lang='lat' dir='ltr'>semper</span> <span class='ocrx_word' id='word_1_317' title='bbox 412 4032 435 4080; x_wconf 91' lang='lat' dir='ltr'>in</span> <span class='ocrx_word' id='word_1_318' title='bbox 455 4033 560 4080; x_wconf 86' lang='lat' dir='ltr'>certiora</span> <span class='ocrx_word' id='word_1_319' title='bbox 586 4033 732 4096; x_wconf 87' lang='lat' dir='ltr'>dependenti</span> <span class='ocrx_word' id='word_1_320' title='bbox 839 4034 865 4084; x_wconf 73' lang='lat' dir='ltr'>lit</span> <span class='ocrx_word' id='word_1_321' title='bbox 886 4050 957 4083; x_wconf 92' lang='lat' dir='ltr'>euom</span> <span class='ocrx_word' id='word_1_322' title='bbox 1057 4034 1087 4087; x_wconf 82' lang='lat'>16</span> <span class='ocrx_word' id='word_1_323' title='bbox 1107 4036 1197 4083; x_wconf 88' lang='lat' dir='ltr'>decutit</span> <span class='ocrx_word' id='word_1_324' title='bbox 1217 4031 1308 4087; x_wconf 74' lang='lat' dir='ltr'>Koch:</span> <span class='ocrx_word' id='word_1_325' title='bbox 1329 4035 1436 4084; x_wconf 84' lang='lat' dir='ltr'>deducit·</span> 
     </span>
    </p>
   </div>
   <div class='ocr_carea' id='block_1_6' title="bbox 297 4118 1513 4454">
    <p class='ocr_par' dir='ltr' id='par_1_13' title="bbox 297 4118 1513 4402">
     <span class='ocr_line' id='line_1_36' title="bbox 297 4118 1512 4223; baseline 0.005 -22"><span class='ocrx_word' id='word_1_326' title='bbox 297 4154 400 4203; x_wconf 89' lang='lat' dir='ltr'>durioris</span> <span class='ocrx_word' id='word_1_327' title='bbox 494 4155 525 4205; x_wconf 72' lang='lat' dir='ltr'>la</span> <span class='ocrx_word' id='word_1_328' title='bbox 544 4118 580 4204; x_wconf 84' lang='lat' dir='ltr'>his</span> <span class='ocrx_word' id='word_1_329' title='bbox 599 4163 623 4202; x_wconf 84' lang='lat' dir='ltr'>at</span> <span class='ocrx_word' id='word_1_330' title='bbox 644 4155 662 4218; x_wconf 84' lang='lat' dir='ltr'>(t</span> <span class='ocrx_word' id='word_1_331' title='bbox 682 4169 754 4209; x_wconf 79' lang='lat' dir='ltr'>corr.</span> <span class='ocrx_word' id='word_1_332' title='bbox 775 4155 848 4221; x_wconf 82' lang='lat' dir='ltr'>ind)</span> <span class='ocrx_word' id='word_1_333' title='bbox 938 4156 972 4209; x_wconf 73' lang='lat'>‘20</span> <span class='ocrx_word' id='word_1_334' title='bbox 991 4159 1096 4208; x_wconf 66' lang='lat' dir='ltr'>educit*</span> <span class='ocrx_word' id='word_1_335' title='bbox 1187 4161 1211 4207; x_wconf 93' lang='lat' dir='ltr'>in</span> <span class='ocrx_word' id='word_1_336' title='bbox 1230 4160 1336 4223; x_wconf 88' lang='lat' dir='ltr'>patriam</span> <span class='ocrx_word' id='word_1_337' title='bbox 1357 4157 1512 4212; x_wconf 76' lang='lat' dir='ltr'>deteriores:</span> 
     </span>
     <span class='ocr_line' id='line_1_37' title="bbox 297 4239 1513 4328; baseline 0 -38"><span class='ocrx_word' id='word_1_338' title='bbox 297 4243 419 4307; x_wconf 86' lang='lat' dir='ltr'>lupatria</span> <span class='ocrx_word' id='word_1_339' title='bbox 522 4242 554 4294; x_wconf 81' lang='grc'>21</span> <span class='ocrx_word' id='word_1_340' title='bbox 576 4239 708 4292; x_wconf 87' lang='lat' dir='ltr'>tendentib’</span> <span class='ocrx_word' id='word_1_341' title='bbox 731 4239 917 4328; x_wconf 17' lang='lat' dir='ltr'>(b&#39;baddflqm)</span> <span class='ocrx_word' id='word_1_342' title='bbox 1019 4247 1141 4296; x_wconf 86' lang='lat' dir='ltr'>obstendit</span> <span class='ocrx_word' id='word_1_343' title='bbox 1236 4248 1314 4297; x_wconf 88' lang='lat' dir='ltr'>nichil</span> <span class='ocrx_word' id='word_1_344' title='bbox 1410 4246 1443 4298; x_wconf 78' lang='lat'>22</span> <span class='ocrx_word' id='word_1_345' title='bbox 1461 4259 1513 4309; x_wconf 86' lang='lat' dir='ltr'>quos</span> 
     </span>
     <span class='ocr_line' id='line_1_38' title="bbox 298 4327 1511 4402; baseline 0.002 -21"><span class='ocrx_word' id='word_1_346' title='bbox 298 4327 354 4392; x_wconf 79' lang='lat' dir='ltr'>E¹,</span> <span class='ocrx_word' id='word_1_347' title='bbox 379 4331 438 4395; x_wconf 92' lang='lat' dir='ltr'>quid</span> <span class='ocrx_word' id='word_1_348' title='bbox 458 4327 587 4400; x_wconf 76' lang='lat' dir='ltr'>Siesbyc:</span> <span class='ocrx_word' id='word_1_349' title='bbox 613 4333 681 4396; x_wconf 92' lang='lat' dir='ltr'>quod</span> <span class='ocrx_word' id='word_1_350' title='bbox 784 4330 816 4384; x_wconf 82' lang='lat'>23</span> <span class='ocrx_word' id='word_1_351' title='bbox 843 4341 944 4398; x_wconf 87' lang='lat' dir='ltr'>exequat</span> <span class='ocrx_word' id='word_1_352' title='bbox 1043 4332 1077 4388; x_wconf 83' lang='grc'>24</span> <span class='ocrx_word' id='word_1_353' title='bbox 1102 4335 1164 4384; x_wconf 90' lang='lat' dir='ltr'>nihil</span> <span class='ocrx_word' id='word_1_354' title='bbox 1182 4337 1310 4401; x_wconf 89' lang='lat' dir='ltr'>qnisquam</span> <span class='ocrx_word' id='word_1_355' title='bbox 1335 4330 1511 4402; x_wconf 62' lang='lat' dir='ltr'>nescioquis:</span> 
     </span>
    </p>

    <p class='ocr_par' dir='ltr' id='par_1_14' title="bbox 770 4417 1497 4454">
     <span class='ocr_line' id='line_1_39' title="bbox 770 4417 1497 4454; baseline 0.004 -3"><span class='ocrx_word' id='word_1_356' title='bbox 770 4417 775 4426; x_wconf 84' lang='lat'><strong>‘</strong></span> <span class='ocrx_word' id='word_1_357' title='bbox 1486 4429 1497 4454; x_wconf 93' lang='lat' dir='ltr'>u</span> 
     </span>
    </p>
   </div>
   <div class='ocr_carea' id='block_1_7' title="bbox 297 4432 1511 4549">
    <p class='ocr_par' dir='ltr' id='par_1_15' title="bbox 297 4432 1511 4549">
     <span class='ocr_line' id='line_1_40' title="bbox 297 4432 1511 4549; baseline 0.001 -31"><span class='ocrx_word' id='word_1_358' title='bbox 297 4470 374 4520; x_wconf 88' lang='lat' dir='ltr'>nichil</span> <span class='ocrx_word' id='word_1_359' title='bbox 391 4472 522 4536; x_wconf 88' lang='lat' dir='ltr'>quicquam</span> <span class='ocrx_word' id='word_1_360' title='bbox 619 4471 653 4523; x_wconf 78' lang='lat'>26</span> <span class='ocrx_word' id='word_1_361' title='bbox 673 4432 788 4538; x_wconf 85' lang='lat' dir='ltr'>concuplr</span> <span class='ocrx_word' id='word_1_362' title='bbox 883 4474 917 4526; x_wconf 78' lang='lat'>‘27</span> <span class='ocrx_word' id='word_1_363' title='bbox 936 4450 1013 4549; x_wconf 55' lang='lat' dir='ltr'>inqdit</span> <span class='ocrx_word' id='word_1_364' title='bbox 1031 4479 1124 4544; x_wconf 70' lang='lat' dir='ltr'>(corr,</span> <span class='ocrx_word' id='word_1_365' title='bbox 1139 4474 1196 4544; x_wconf 76' lang='lat' dir='ltr'>fuit</span> <span class='ocrx_word' id='word_1_366' title='bbox 1215 4478 1301 4542; x_wconf 69' lang='lat' dir='ltr'>inqua)</span> <span class='ocrx_word' id='word_1_367' title='bbox 1384 4476 1419 4527; x_wconf 70' lang='lat'>28</span> <span class='ocrx_word' id='word_1_368' title='bbox 1438 4487 1511 4523; x_wconf 86' lang='lat' dir='ltr'>casum</span> 
     </span>
    </p>
   </div>
   <div class='ocr_carea' id='block_1_8' title="bbox 0 0 1601 5318">
    <p class='ocr_par' dir='ltr' id='par_1_16' title="bbox 0 0 1601 5318">
     <span class='ocr_line' id='line_1_41' title="bbox 0 0 1601 5318; baseline 0 0"><span class='ocrx_word' id='word_1_369' title='bbox 0 0 1601 5318; x_wconf 95' lang='lat' dir='ltr'> </span> 
     </span>
    </p>
   </div>
  </div>
 </body>
</html>
