3184 5318
282 353 343 414 146
497 347 575 391 1)th.
592 347 629 390 Vl.
659 349 700 388 AD
716 347 857 389 MARCIAM
874 348 914 388 DE
928 347 1171 390 CONSOLATIONE.
1200 349 1234 391 20.
1249 349 1283 390 ll.

277 492 406 568 tulisset,
429 495 587 558 neminem
613 513 763 556 ausurum
788 514 895 556 coram
920 493 1042 556 Catone
1065 513 1216 576 peccare:
1241 512 1325 554 nunc
1346 511 1487 554 annorum

278 601 413 663 adiectio
451 602 710 682 paucissimorum
749 603 849 662 uirum
887 601 1023 664 libertati
1061 622 1126 663 non
1166 620 1241 662 suae
1280 609 1402 662 tantum
1438 599 1488 659 sed

277 706 421 787 publicae
452 715 560 768 natum
593 709 698 787 coegit
722 705 890 768 Caesarem
922 707 1046 788 fugere,
1078 707 1263 788 Pompeium
1286 707 1381 786 sequi.
1424 703 1489 765 nihil

278 832 358 892 ergo
386 811 426 874 illi
455 811 529 878 mali
559 814 714 875 inmatura
745 833 830 876 mors
865 813 994 876 adtulit:
1037 814 1178 876 omnium
1215 813 1310 874 etiarn
1346 809 1488 872 malorum

250 919 394 981 aremisit
416 920 599 1000 potentiam.

364 1023 451 1086 XXI.
490 1025 589 1087 Nimis
619 1034 728 1087 tamen
759 1027 821 1088 cito
853 1027 942 1108 periit
974 1035 1006 1088 et
1037 1029 1218 1087 inmaturus
1264 1026 1398 1106 primum
1420 1029 1517 1104 putat

276 1129 316 1192 illi
346 1131 547 1211 superfuisse,
588 1134 769 1212 conprende
798 1141 950 1213 quantum
980 1131 1148 1214 plurimum
1179 1133 1352 1212 procedere
1383 1129 1491 1190 homini

204 1287 209 1294 .
253 1236 365 1322 plicet:
400 1247 553 1317 quantum
585 1242 652 1299 est?
699 1241 740 1299 ad
772 1239 990 1300 breuissimum
1022 1248 1148 1319 tempus
1179 1238 1269 1309 editi,
1301 1239 1363 1298 cito
1387 1237 1493 1297 cessuri

276 1341 347 1403 loco
371 1343 491 1404 incolae
514 1345 649 1432 uenienti
672 1347 832 1426 inpactum
855 1344 901 1405 iri
921 1345 984 1406 hoc
1006 1346 1213 1426 prospicimus
1236 1343 1413 1424 hospitium.
1456 1343 1492 1402 de

238 1464 261 1503 ιο
276 1450 390 1510 nostris
407 1450 562 1510 aetatibus
578 1450 699 1531 loquor,
722 1471 800 1531 quas
823 1450 995 1513 incredibili
1019 1450 1177 1512 celeritate
1193 1448 1340 1511 conuolui
1355 1449 1492 1509 constat?

276 1564 413 1635 conputa
443 1555 566 1617 urbium
598 1555 730 1618 saecula.
777 1556 899 1619 uidebis
929 1577 1025 1637 quam
1054 1577 1118 1618 non
1142 1557 1193 1618 diu
1217 1556 1374 1629 steterint,
1405 1555 1491 1617 etiam

275 1681 356 1742 quae
387 1668 545 1722 uetustate
575 1662 755 1741 gloriantur.
802 1663 908 1724 omnia
937 1662 1076 1724 humana
1102 1662 1210 1723 breuia
1232 1669 1265 1724 et
1288 1663 1407 1722 caduca
1428 1669 1494 1722 sunt

276 1775 307 1827 et
338 1765 445 1828 infiniti
476 1769 628 1847 temporis
659 1767 774 1839 nullam
799 1778 922 1850 partem
946 1769 1137 1850 occupantia.
1183 1776 1300 1829 terram
1324 1767 1406 1828 hanc
1428 1767 1521 1828 cum2

276 1872 404 1934 urbibus
442 1873 629 1954 populisque
667 1882 699 1934 et
735 1872 914 1935 fluminibus
952 1882 984 1936 et
1014 1874 1135 1935 ambitu
1166 1875 1260 1936 maris
1290 1875 1398 1955 puncti
1426 1871 1492 1934 loco

239 1979 423 2060 reponimus
447 1980 487 2040 ad
511 1980 656 2040 uniuersa
678 1979 864 2043 referentes:
900 1981 1054 2054 minorem
1078 1983 1258 2064 portionem
1282 1988 1370 2042 aetas
1393 1988 1493 2040 nostra

274 2106 369 2166 quam
394 2088 501 2166 puncti
524 2084 629 2160 habet,
653 2087 772 2148 sicum
797 2089 1052 2168 omnitempore
1076 2095 1272 2171 conparetur,
1296 2086 1382 2148 cuius
1402 2085 1493 2146 maior

275 2201 322 2253 est
347 2211 492 2253 mensura
515 2212 610 2271 quarn
635 2193 759 2266 mundi,
788 2201 899 2275 utpote
922 2213 995 2254 curn
1018 2191 1068 2255 ille
1091 2213 1126 2255 se
1148 2195 1228 2258 intra
1251 2192 1341 2254 huius
1363 2193 1492 2272 spatium

274 2298 389 2358 totiens
413 2297 612 2359 remetiatur:
639 2297 714 2379 quid
739 2317 816 2378 ergo
832 2299 961 2361 interest
975 2299 1008 2360 id
1024 2299 1207 2374 extendere,
1231 2301 1316 2360 cuius
1332 2305 1491 2380 quantum-

274 2423 409 2483 cumque
433 2402 522 2464 suerit
538 2404 774 2477 incrementum,
797 2425 861 2464 non
878 2403 1011 2467 multum
1027 2406 1127 2467 aberit
1144 2425 1162 2468 a
1178 2404 1293 2467 nihilo?
1318 2424 1382 2466 uno
1398 2403 1492 2465 modo

234 2524 260 2563 20
275 2509 409 2571 multum
441 2519 488 2570 est
519 2511 606 2590 quod
637 2511 786 2582 uiuimuS,
817 2512 842 2572 si
873 2512 948 2572 satis
972 2520 1028 2573 est.
1075 2512 1147 2573 licet
1171 2511 1247 2574 mihi
1269 2513 1395 2573 uiuaces
1418 2519 1448 2571 et
1470 2508 1523 2570 in3

275 2615 462 2676 memoriam
493 2616 628 2676 traditae
658 2617 828 2679 senectutis
860 2618 942 2679 uiros
970 2619 1131 2691 nomines,
1162 2626 1314 2679 centenos
1342 2617 1497 2696 denosque

275 2740 461 2802 percenseas
485 2740 604 2782 annos:
636 2741 707 2782 cum
732 2725 773 2782 ad
797 2742 892 2784 omne
915 2730 1042 2804 tempus
1065 2724 1218 2786 dimiseris
1241 2725 1399 2796 animum,
1422 2719 1498 2782 nulla

275 2828 332 2888 erit
353 2826 406 2889 illa
429 2826 604 2889 breuissimi
627 2827 861 2908 longissimique
884 2829 953 2890 aeui
977 2829 1161 2904 differentia,
1184 2830 1209 2890 si
1225 2830 1369 2910 inspecto
1386 2834 1497 2910 quanto

273 2934 341 3013 quis
372 2934 487 2994 uixerit
514 2935 632 3014 spati0,
665 2935 884 3015 conparaueris
907 2945 1026 3016 quanto
1050 2956 1115 2997 non
1139 2936 1261 2998 uixerit.
1308 2935 1424 2996 deinde
1446 2932 1497 2994 sibi
1512 2932 1524 2982 l
1550 2967 1553 2974 ·

233 3055 260 3096 aa
274 3048 414 3100 maturus
440 3039 581 3100 decessit.
622 3040 699 3101 uixit
723 3041 805 3100 enim
829 3049 982 3121 quantum
1007 3042 1117 3103 debuit
1141 3043 1255 3103 uiuere.
1294 3040 1370 3102 nihil
1385 3039 1425 3101 illi
1441 3040 1497 3100 iam

274 3143 355 3204 ultra
377 3153 547 3223 supererat.
587 3165 652 3205 non
675 3161 735 3206 una
759 3145 938 3207 hominibus
962 3156 1108 3209 senectus
1132 3157 1188 3222 est,
1213 3155 1303 3209 utne
1320 3144 1497 3207 animalibus

273 3249 421 3328 quidem:
462 3249 542 3310 intra
573 3253 826 3330 quattuordecim
858 3254 1013 3332 quaedam
1045 3274 1146 3316 annos
1177 3253 1331 3334 defatigat
1362 3254 1440 3327 uita,
1470 3258 1498 3310 et

216 3368 219 3374 ·
273 3353 352 3416 haec
384 3353 440 3415 illis
473 3354 655 3435 longissima
677 3366 765 3444 aetas
789 3366 836 3419 est
859 3378 940 3437 quae
963 3359 1083 3421 homini
1107 3361 1215 3440 prima
1263 3360 1372 3442 dispar
1396 3359 1498 3438 cuique

274 3459 400 3520 uiuendi
424 3458 554 3522 facultas
578 3462 653 3522 data
676 3471 732 3524 est.
778 3483 874 3524 nemo
897 3465 988 3526 nimis
1012 3467 1075 3527 cito
1099 3467 1240 3542 moritur,
1270 3465 1345 3546 quia
1367 3465 1497 3527 uicturus

274 3685 290 3738 3
309 3686 386 3735 nichil
476 3686 493 3738 4
512 3689 547 3736 illi
566 3690 625 3741 mali
644 3687 704 3745 cod.
723 3689 783 3738 mali
802 3690 838 3738 illi
857 3687 940 3760 uulgo
1036 3692 1052 3745 6
1071 3695 1143 3758 periit
1162 3691 1331 3746 deteriores:
1352 3695 1416 3758 perit

274 3773 290 3825 9
317 3775 374 3844 locp
401 3774 497 3823 incolae
521 3777 624 3824 uenienti
649 3779 774 3842 inpactum
799 3779 827 3825 iri
854 3776 930 3831 Koch
957 3779 1024 3845 (loco
1050 3783 1155 3830 uenienti
1181 3783 1334 3846 impacatum
1360 3777 1494 3848 Maduf9)=

273 3897 340 3960 loco,
365 3872 470 3946 uen¹enti
493 3898 616 3962 inpactum
744 3898 776 3951 10
801 3918 861 3965 quas
886 3901 1051 3956 deteriores:
1078 3907 1147 3969 quasi
1267 3905 1384 3955 conuolui
1409 3907 1498 3954 constat

274 3982 377 4054 Neap.:
399 3985 523 4034 conuoluit
609 3985 639 4037 16
661 4003 716 4036 curn
736 3990 803 4037 omni
823 3994 933 4054 tempore
946 3989 1059 4044 Fickert
1077 3993 1157 4058 (omni
1177 3996 1284 4058 tempori
1303 3992 1415 4062 uulgo):
1436 3991 1497 4042 omni

274 4078 387 4137 tempore
492 4071 523 4123 17
543 4073 626 4122 illese
645 4072 808 4128 deteriores:
835 4077 870 4126 illi
888 4095 914 4128 se
1018 4079 1051 4132 18
1070 4082 1096 4130 id
1115 4079 1219 4150 Neap.:
1242 4083 1294 4131 inid
1390 4085 1497 4147 quntum-

275 4176 358 4224 eumq:
381 4159 441 4225 (quil
460 4159 487 4210 in
506 4161 574 4223 Γᾶς.)
673 4161 705 4213 19
724 4164 818 4213 nichilo
914 4165 948 4219 20
966 4168 1028 4217 mihi
1046 4170 1144 4218 uiuaces
1162 4167 1314 4239 Rullcopf:
1336 4171 1414 4220 michi
1432 4183 1497 4218 uaees

377 4245 410 4298 23
430 4247 568 4295 breuissimi
587 4246 750 4302 deteriores:
778 4251 920 4303 breuissima
1022 4255 1055 4308 24
1074 4259 1122 4307 sibi
1141 4266 1250 4308 maturus
1269 4255 1402 4328 Madufq:
1429 4259 1449 4307 si
1465 4258 1497 4304 in·

276 4328 404 4383 maturus
479 4333 512 4385 25
531 4336 607 4385 nichil
696 4339 744 4387 iam
764 4339 826 4388 ultra
845 4337 1006 4396 Pamianus:
1027 4352 1079 4394 lum
1097 4347 1161 4396 ultra
1253 4347 1289 4400 27
1308 4349 1416 4413 quedam
1434 4345 1496 4412 (dam

277 4419 304 4470 ria
324 4421 392 4485 rat.)
492 4423 610 4487 defatigat
627 4425 676 4472 uita
696 4421 809 4494 Muduiq
829 4427 1004 4494 (defatigantur
1021 4432 1131 4502 uulgo):
1159 4437 1308 4501 defatigauit
1404 4433 1438 4489 28
1455 4448 1496 4497 que
