3184 5318
289 296 349 360 138
420 335 424 342 ,
503 289 635 332 DIAL.V1.
664 288 705 328 AD
720 286 863 328 MARcrnM
877 287 919 328 DE
933 285 1177 329 CONSOLATIONE.
1207 287 1288 329 lu.1t.

258 459 261 470 ·
286 436 404 501 nullum
428 438 514 500 aiunt
537 435 650 498 frustra
673 435 786 496 cadere
809 431 924 509 telum,
955 435 1042 515 quod
1071 434 1101 495 in
1125 432 1302 496 confertum
1326 451 1446 513 agmen
1466 431 1501 492 in-

286 546 415 607 missum
447 553 513 606 est:
548 543 660 605 mirum
691 551 739 604 est
762 550 884 604 tantam
908 541 1035 604 turbam
1058 562 1122 603 non
1145 542 1286 622 potuisse
1308 541 1374 600 sine
1398 539 1503 600 inuidia

286 653 445 714 damnoue
483 648 700 731 praeteruehi?
748 658 780 710 at
811 648 874 710 hoc
904 649 1036 728 iniquior
1066 647 1192 709 fortuna
1222 646 1293 721 suit,
1329 644 1418 727 quod
1450 665 1503 705 non
1517 660 1538 712 s

226 745 233 755 ’
273 766 410 819 *tantum
434 756 545 838 eripuit
567 755 656 830 filios,
679 755 736 816 sed
760 755 862 834 elegit.
910 775 1083 836 numquam
1106 764 1214 816 tamen
1237 753 1377 815 iniuriam
1396 751 1502 812 dixeris

260 885 271 922 s
287 884 329 926 ex
352 883 455 945 aequo
478 883 550 924 cum
565 863 746 943 potentiore
762 861 920 922 diuidere:
949 859 1027 922 duas
1043 860 1099 923 tibi
1121 860 1244 940 reliquit
1259 858 1335 920 filias
1351 868 1384 920 et
1402 858 1503 919 harum

286 979 427 1052 nepotes.
474 979 506 1032 et
522 969 654 1058 ¹ipsum,
685 987 780 1048 quem
813 969 952 1028 maxime
983 966 1071 1048 luges
1102 967 1213 1048 prioris
1237 965 1351 1040 oblita,
1381 985 1449 1026 non
1469 984 1503 1024 ex

287 1085 357 1139 toto
366 1051 528 1139 labstulit:
555 1075 654 1137 habes
677 1095 720 1136 ex
743 1073 795 1136 illo
820 1074 897 1136 duas
920 1073 1007 1148 filias,
1031 1075 1056 1136 si
1080 1073 1161 1150 male
1177 1072 1247 1148 fers,
1273 1091 1390 1152 magna
1407 1091 1503 1143 onera,

286 1186 312 1246 si
341 1184 440 1258 bene,
471 1202 587 1262 magna
615 1180 738 1243 solacia.
785 1181 815 1241 in
839 1179 900 1241 hoc
923 1189 955 1242 te
979 1181 1113 1261 perduc,
1146 1189 1180 1242 ut
1203 1178 1269 1241 illas
1293 1199 1366 1240 cum
1390 1177 1503 1249 uiden's,

286 1288 486 1352 admonearis
509 1286 573 1362 filii,
596 1307 662 1348 non
686 1286 813 1349 doloris,
859 1286 997 1367 agricola
1020 1287 1135 1349 euersis
1159 1285 1342 1362 arboribus·
1356 1305 1437 1368 quas
1459 1292 1529 1346 aut?

248 1414 272 1455 n
286 1405 399 1458 uentus
422 1395 568 1458 radicitus
592 1393 705 1456 euolsit
728 1402 782 1455 aut
805 1401 968 1455 contortus
993 1395 1157 1475 repentino
1181 1375 1289 1474 inpetu
1312 1392 1408 1455 turbo
1425 1411 1503 1474 prae-

285 1501 393 1583 fregit,
423 1501 568 1564 subolem
601 1521 643 1562 ex
672 1499 730 1561 illis
765 1501 922 1562 residuam
953 1499 1040 1562 louet
1071 1508 1103 1561 et
1134 1500 1164 1560 in
1195 1501 1380 1562 amissarum
1413 1499 1504 1560 locum

285 1609 405 1672 semina
427 1609 535 1670 statim
558 1606 744 1688 plantasque
766 1607 904 1687 deponit.
937 1616 968 1667 et
993 1615 1166 1680 momento,
1190 1627 1264 1668 nam
1281 1615 1314 1667 ut
1330 1608 1373 1668 ad
1389 1607 1504 1676 damna,

285 1717 329 1778 ita
351 1717 393 1776 ad
416 1715 610 1776 incrementa
633 1713 775 1793 rapidum
792 1709 952 1792 ueloxque
969 1721 1095 1793 tempus
1112 1722 1168 1788 est,
1192 1711 1378 1775 adulescunt
1393 1713 1504 1774 amissis

277 1821 424 1898 ,laetiora
470 1819 527 1882 has
566 1841 648 1882 nunc
678 1817 777 1880 Metili
816 1822 860 1880 tui
896 1818 973 1880 filias
1004 1821 1042 1881 in·
1066 1821 1131 1882 eius
1162 1820 1263 1881 uicem
1294 1819 1450 1880 substitue
1477 1823 1531 1878 etl

249 1951 272 1988 rs
287 1936 451 1990 uacantem
482 1927 587 1990 locum
619 1925 714 2007 exple
745 1936 777 1988 et
808 1945 905 1986 unum
937 1925 1083 1988 dolorem
1106 1927 1269 2006 geminato
1292 1925 1412 1987 solacio
1435 1925 1503 1987 leua.

286 2044 335 2097 est
364 2034 493 2116 quidem
524 2032 603 2094 haec
634 2041 744 2094 natura
775 2031 955 2094 mortalium
986 2040 1020 2094 ut
1050 2031 1124 2094 nihil
1147 2035 1248 2114 magis
1271 2033 1394 2114 placeat
1418 2052 1503 2113 quam

286 2142 373 2222 quod
404 2140 554 2202 amissum
585 2147 641 2203 est
687 2139 853 2219 iniquiores
883 2159 991 2200 sumus
1022 2140 1172 2202 aduersus
1201 2139 1308 2202 relicta
1331 2148 1503 2221 ereptorum

287 2247 452 2310 desiderio.
498 2247 556 2308 sed
591 2247 615 2309 si
652 2245 818 2307 aestimare
856 2245 1005 2320 uolueris,
1043 2267 1138 2328 quam
1170 2247 1262 2310 ualde
1293 2247 1350 2309 tibi
1380 2245 1504 2318 fortuna,

287 2355 383 2416 etiam
407 2373 479 2414 cum
502 2353 644 2426 saeuiret,
668 2352 851 2432 pepercerit,
875 2349 954 2413 scies
978 2361 1009 2414 te
1033 2351 1150 2415 habere
1173 2351 1243 2434 plus
1266 2373 1362 2434 quam
1378 2353 1500 2415 solacia:

247 2481 272 2521 so
287 2461 407 2541 respice
437 2467 659 2540 totnepotes,
691 2460 769 2520 duas
793 2457 879 2520 filias.
925 2460 976 2520 dic
999 2458 1073 2521 illud
1096 2480 1239 2540 quoque,
1271 2460 1408 2522 Marcia:
1441 2453 1504 2520 moss

287 2586 392 2640 uerer,
428 2567 454 2627 si
489 2574 572 2628 esset
602 2567 713 2646 cuique
744 2565 868 2627 fortuna
899 2585 958 2646 pro
990 2565 1130 2628 moribus
1162 2575 1194 2628 et
1224 2587 1398 2649 numquam
1428 2564 1504 2628 mala

287 2674 391 2735 bonos
414 2681 637 2754 sequerentur:
671 2692 753 2733 nunc
777 2672 870 2733 uideo
894 2680 1048 2753 exempto
1072 2655 1248 2735 discrimine
1273 2675 1389 2736 eodem
1412 2673 1503 2734 modo

287 2779 390 2842 malos
414 2780 582 2859 bonosque
605 2779 720 2852 iactari.

376 2886 479 2948 XVII.
525 2884 631 2947 Graue
662 2894 710 2946 est
741 2893 864 2960 tamen,
895 2905 990 2966 quem
1022 2885 1221 2961 educaueris,
1257 2888 1418 2961 iuuenem,
1447 2886 1529 2946 iaml

221 3011 274 3068 ,rs
290 2993 391 3067 matri,
414 2993 476 3054 iam
500 2993 581 3072 patri
604 2992 794 3073 praesidium
819 3011 856 3052 ac
880 2993 985 3067 decus,
1009 2994 1162 3056 amittere.
1209 2995 1279 3075 quis
1303 3003 1400 3074 negat
1414 3011 1503 3072 graue

288 3100 376 3159 esse?
415 3099 472 3158 sed
503 3097 676 3159 humanum
705 3107 761 3160 est.
806 3099 847 3179 ad
879 3097 940 3160 hoc
972 3103 1095 3179 genitus
1127 3121 1193 3175 es,.
1213 3110 1248 3162 ut
1278 3102 1439 3180 perderes,
1472 3105 1503 3156 ut

1263 3293 1270 3310 δ

290 3319 303 3368 1
324 3318 415 3367 nullum
434 3319 501 3366 aiunt
525 3315 623 3386 (trustra
643 3319 731 3367 cadere
755 3319 806 3369 telsl
825 3320 861 3383 qd
880 3326 889 3369 t
909 3320 1022 3370 confertl‘t
1045 3319 1071 3370 ia
1091 3335 1178 3389 marq.
1198 3336 1232 3376 m.
1253 3322 1279 3386 2)
1384 3320 1502 3373 2inuidia

289 3423 326 3489 (in
346 3424 412 3490 ras.)
511 3424 633 3489 3preler
651 3425 707 3472 uehi
804 3426 886 3474 adhoc
989 3421 1194 3476 bfiliaslharum
1214 3425 1239 3482 k.
1260 3445 1282 3481 e.
1303 3428 1367 3477 filias
1385 3435 1407 3476 et
1424 3428 1501 3474 harum

391 3521 405 3573 'l
425 3523 444 3570 si
464 3522 528 3570 male
546 3522 593 3571 fers
618 3519 682 3574 alim
702 3526 869 3574 correctam:
897 3525 987 3572 similes
1007 3516 1054 3596 fer}
1150 3523 1211 3592 8le
1229 3527 1321 3590 perduc
1341 3523 1461 3592 Madat'q:
1482 3528 1502 3570 te

290 3624 376 3719 pduxlt
481 3653 497 3706 9
517 3655 627 3718 agricola
646 3656 735 3705 euersis
756 3653 920 3709 deteriores:
943 3658 1052 3721 agricole
1071 3660 1146 3706 uersis
1251 3658 1285 3710 ’10
1304 3661 1389 3724 euulsil
1407 3664 1443 3708 aut
1460 3654 1500 3707 de-

290 3796 418 3848 teriores:
445 3789 549 3871 auolsita}
566 3805 591 3847 ut
618 3799 691 3866 (aute
710 3804 735 3846 ut
754 3795 851 3851 addita
870 3799 895 3864 a)
998 3800 1090 3864 impetu
1197 3801 1225 3852 ll
1249 3746 1317 3850 exilis
1339 3804 1356 3868 (l
1374 3812 1500 3870 suprascr.

289 3909 324 3950 m.
337 3895 398 3964 pr.)
501 3895 566 3945 louet
585 3894 749 3948 deteriores:
777 3897 837 3946 fouit
940 3902 962 3946 et
987 3899 1011 3945 in
1030 3899 1175 3948 amissarum
1194 3899 1276 3948 locum
1297 3897 1387 3962 Koch,
1410 3903 1437 3950 al
1453 3895 1501 3948 iam

291 3981 445 4037 dubitanter
467 3991 593 4038 suaserat
610 3981 732 4046 Fickert,
758 3991 781 4033 et
806 3986 950 4034 amissarum
976 3984 1074 4054 scalpo:
1096 3988 1164 4037 etin
1182 3989 1282 4050 missali
1300 3989 1369 4055 aod,
1393 3985 1439 4039 sed
1453 3999 1499 4036 aaa

290 4070 453 4123 amissarum
473 4071 574 4124 semina
593 4077 620 4127 et
631 4069 753 4142 plautus,
772 4071 822 4125 sed
840 4071 909 4126 alias
928 4073 954 4125 in
974 4089 1069 4126 earum
1088 4073 1177 4128 locum
1196 4074 1299 4146 deponi
1316 4081 1429 4147 apparet

293 4211 325 4264 12
344 4214 446 4277 deponit
465 4210 664 4266 Marklaadus:
687 4215 794 4278 disponit
886 4160 994 4266 :damna
1089 4217 1123 4270 13
1143 4219 1288 4268 adolescunt
1377 4219 1408 4272 14
1425 4216 1498 4266 melilii

388 4300 420 4352 15
440 4301 534 4366 exples
553 4308 576 4350 et
594 4318 666 4352 unum
686 4295 830 4372 (punctum
849 4319 966 4367 erasum,
986 4311 1009 4356 et
1028 4322 1045 4359 u
1063 4322 1136 4364 corr,
1156 4305 1234 4374 add.)
1340 4309 1371 4361 l'f
1389 4305 1499 4370 iniquioris

388 4389 420 4440 19
440 4389 542 4438 saeuiret
562 4387 668 4442 Haase:
690 4392 801 4440 saeuierit
