3212 5318
297 365 361 430 268
471 361 549 404 DlAL.
565 361 604 404 Xl.
633 363 675 403 AD
691 361 826 404 HELVlAM
841 363 971 405 Mll'l'REM
987 365 1027 406 Du
1041 362 1283 406 CONSOLATIONE.
1315 367 1343 408 ts.

298 517 391 588 potes
414 508 539 573 alterius
563 508 717 592 dignitate
738 507 875 585 defendi,
898 509 1022 572 alterius
1045 509 1112 572 otio
1136 509 1202 572 lrui.
1242 510 1408 573 certabunt
1433 512 1462 572 in
1485 520 1515 572 te

295 613 403 676 officiis
433 624 465 676 et
493 616 581 677 unius
604 616 793 678 desiderium
818 617 953 679 duomm
977 619 1095 698 pietate
1118 616 1320 699 supplebitur.
1367 618 1515 679 audacter

295 742 424 802 possum
448 725 649 804 promittere,
672 721 746 784 nihil
768 723 825 784 tibi
848 724 948 784 deerit
970 732 1096 805 praeter
1119 743 1293 786 numerum.
1340 724 1381 784 ab
1407 723 1456 784 his
1479 724 1545 789 adl

295 837 429 909 nepotes
452 849 579 910 quoque
602 830 739 912 respice:
772 829 915 892 Marcum
939 829 1179 892 blandissimum
1203 850 1342 911 puerum,
1368 831 1410 891 ad
1435 832 1516 891 cuius

269 944 500 1017 sconspectum
524 935 609 998 nulla
632 944 738 1016 potest
762 937 874 998 durare
897 938 1029 999 tristitia.
1075 936 1149 998 nihil
1172 946 1238 999 tam
1263 913 1423 1014 magnum,
1447 935 1517 996 nihil

295 1051 361 1104 tam
385 1063 495 1104 recens
518 1044 549 1104 in
571 1045 754 1124 cuiusquam
778 1053 908 1124 pectore
932 1044 1030 1117 suerit,
1054 1045 1142 1124 quod
1165 1063 1230 1104 non
1254 1042 1458 1105 circumfusus
1472 1041 1518 1103 illc

296 1148 497 1228 permulceat.
544 1152 630 1212 culus
661 1169 725 1211 non
757 1150 901 1211 lacrimas
931 1149 1010 1212 illius
1040 1149 1177 1212 hilaritas
1201 1150 1396 1230 supprimat?
1439 1149 1547 1216 cuius5

296 1277 360 1318 non
384 1264 581 1318 contractum
604 1255 811 1318 sollicitudine
836 1257 975 1319 animum
999 1256 1078 1318 illius
1096 1257 1238 1335 argutiae
1254 1255 1401 1317 soluant?
1427 1251 1518 1337 quem

295 1383 360 1424 non
391 1363 421 1424 in
452 1364 539 1424 iocos
563 1362 710 1425 euocabit
732 1361 783 1424 illa
807 1362 950 1425 lasciuia?
983 1383 1077 1444 quem
1102 1383 1166 1425 non
1188 1363 1220 1426 in
1243 1383 1278 1424 se
1301 1371 1468 1430 conuertet
1490 1373 1519 1422 et

258 1486 281 1525 ro
296 1467 435 1530 abducet
466 1468 598 1531 infixum
631 1470 876 1550 cogitationibus
907 1469 958 1531 illa
981 1471 1140 1532 neminem
1163 1470 1312 1530 satiatura
1335 1467 1518 1548 garrulitas?

296 1575 374 1638 deos
399 1597 465 1650 0r0,
489 1576 655 1657 contingat
678 1576 761 1638 hunc
784 1577 902 1638 habere
925 1575 1018 1638 nobis
1040 1577 1260 1658 superstitem:
1287 1577 1318 1636 in
1342 1595 1395 1636 me
1420 1576 1548 1641 omniss

295 1681 431 1744 latomm
455 1682 621 1746 crudelitas
643 1683 760 1746 lassata
783 1685 954 1745 consistat:
980 1684 1133 1764 quidquid
1156 1685 1249 1744 matri
1266 1681 1443 1744 dolendum
1459 1681 1519 1756 fuit,

296 1789 326 1848 in
358 1772 409 1850 me
440 1773 612 1865 transierit,
643 1791 796 1870 quidquid
824 1791 928 1864 auiae,
959 1791 989 1850 in
1021 1810 1080 1851 me.
1127 1789 1238 1850 floreat
1269 1787 1387 1870 reliqua
1411 1789 1442 1849 in
1465 1809 1519 1849 suo

296 1903 379 1957 statu
409 1896 520 1957 turba:
556 1895 630 1958 nihil
661 1898 703 1958 de
723 1897 884 1971 orbitate,
917 1895 991 1958 nihil
1022 1897 1063 1957 de
1096 1897 1282 1958 condicione
1306 1916 1379 1958 mea
1402 1915 1519 1976 querar,

260 2020 282 2058 u
297 1999 406 2064 luerim
429 2012 553 2065 tantum
577 2003 649 2064 nihil
673 2003 805 2085 amplius
829 2004 984 2066 doliturae
1008 2005 1122 2064 domus
1145 2003 1349 2083 piamentum.
1395 2011 1470 2064 tene
1491 2003 1548 2067 int

296 2110 418 2188 gremio
442 2111 504 2172 cito
525 2110 585 2173 -tibi
610 2111 753 2172 daturam
777 2119 971 2190 pronepotes
995 2108 1206 2183 Nouatillam,
1230 2129 1326 2190 quam
1350 2110 1449 2170 sicin
1471 2127 1520 2168 me

297 2215 533 2288 transtuleram,
564 2218 608 2280 sic
639 2215 715 2278 mihi
746 2217 990 2297 adscripseram,
1022 2225 1057 2277 ut
1079 2224 1189 2297 posset
1213 2217 1328 2290 uideri,
1359 2216 1449 2295 quod
1472 2235 1519 2276 me

297 2323 414 2397 amisit,
454 2323 598 2403 quamuis
637 2323 725 2386 saluo
764 2332 854 2404 patre
892 2322 1016 2405 pupilla.
1064 2321 1146 2384 hanc
1165 2330 1214 2383 -et
1244 2341 1302 2402 pro
1334 2341 1388 2382 me
1420 2321 1518 2401 dilige.

297 2428 425 2491 abstulit
455 2429 496 2492 illi
525 2451 625 2511 nuper
649 2430 775 2492 fortuna
797 2440 951 2492 matrem:
985 2440 1041 2492 tua
1063 2438 1170 2510 potest
1193 2427 1317 2490 efficere
1341 2429 1458 2508 pietas,
1488 2436 1519 2489 ut

258 2554 283 2594 ru
297 2537 471 2618 perdidisse
494 2558 529 2598 se
552 2547 688 2600 matrem
713 2536 821 2598 doleat
844 2545 976 2610 tantum,
1000 2557 1064 2597 non
1089 2545 1121 2598 et
1143 2537 1266 2597 sentiat.
1311 2555 1401 2607 nunc
1418 2547 1547 2598 mores&

299 2642 364 2703 eius
394 2663 556 2724 conpone,
595 2664 678 2705 nunc
708 2642 829 2706 forma:
868 2642 959 2704 altius
990 2651 1160 2724 praecepta
1190 2643 1405 2716 descendunt,
1441 2659 1518 2722 quae

275 2739 277 2744 ’
299 2750 413 2810 teneris
436 2750 645 2831 inprimuntur
668 2751 830 2813 aetatibus.
862 2751 923 2811 tuis
947 2750 1114 2810 adsuescat
1137 2748 1344 2810 sermonibus.
1377 2749 1420 2808 ad
1433 2757 1517 2808 tuum

298 2855 434 2936 fingatur
457 2855 634 2918 arbitrium:
662 2855 794 2918 multum
818 2855 858 2917 illi
882 2855 982 2930 dabis,
1006 2855 1129 2916 etiamsi
1151 2854 1225 2915 nihil
1249 2855 1519 2942 dederis-praeter

299 2961 491 3043 exemplum.
537 2962 599 3024 hoc
636 2963 692 3024 tibi
729 2973 794 3024 tam
826 2961 980 3023 sollemne
1010 2959 1148 3022 officium
1179 2981 1238 3041 pro
1270 2961 1414 3021 remedio
1444 2959 1516 3020 erit:

259 3086 284 3126 rs
299 3088 362 3130 non
393 3077 513 3149 potest·
531 3069 613 3130 enim
646 3069 796 3138 animum,
816 3070 866 3149 pie
897 3067 1063 3130 dolentem
1095 3087 1114 3128 a
1144 3065 1351 3128 sollicitudine
1382 3073 1518 3128 auertere

299 3175 355 3236 nisi
391 3183 444 3236 aut
480 3177 559 3238 ratio
594 3184 648 3238 aut
680 3174 814 3238 honesta
844 3175 1019 3256 occupatio.
1066 3193 1265 3234 numerarem
1297 3174 1378 3235 inter
1408 3191 1520 3252 magna
1535 3189 1546 3238 u

299 3281 415 3344 solacia
437 3291 561 3366 patrem
585 3302 712 3363 quoque
734 3291 833 3356 tuum,
857 3282 914 3342 nisi
936 3281 1071 3344 abesset.
1104 3299 1185 3341 nunc
1207 3287 1315 3341 tamen
1340 3299 1383 3340 ex
1398 3278 1519 3341 adiectu

299 3396 363 3462 tu0‚
387 3388 455 3468 quis
477 3387 556 3450 illius
579 3389 609 3450 in
632 3398 665 3450 te
688 3389 727 3450 sit
751 3390 875 3468 cogita:
902 3386 1073 3468 intelleges,
1096 3396 1218 3466 quanto
1241 3386 1351 3448 iustius
1374 3387 1414 3448 sit
1434 3394 1466 3448 te
1481 3383 1519 3445 illi

300 3497 415 3557 seruari
446 3516 541 3575 quam
573 3494 647 3557 mihi
678 3496 832 3576 inpendi.»
862 3495 1008 3575 quotiens
1031 3503 1064 3556 te
1087 3494 1246 3556 inmodica
1269 3495 1315 3554 uis
1339 3492 1454 3554 doloris
1477 3491 1517 3550 in·

260 3618 285 3658 au
301 3602 414 3663 uaserit
445 3609 476 3663 et
506 3603 594 3682 sequi
623 3623 660 3663 se
688 3601 825 3676 iubebit,
856 3610 980 3683 patrem
1010 3601 1126 3680 cogita.
1171 3601 1219 3662 eui
1250 3609 1283 3660 tu
1316 3591 1441 3680 quidem
1471 3605 1517 3657 tot

300 3717 432 3788 nepotes
462 3715 718 3790 pronepotesque
749 3709 856 3770 dando
887 3707 1032 3782 effecisti,
1063 3727 1104 3768 ne
1127 3707 1217 3768 unica
1240 3726 1346 3767 esses:
1379 3723 1514 3767 consum-

301 3815 398 3875 matio
429 3823 537 3876 tamen
567 3803 680 3877 aetatis'
709 3823 799 3876 actae
822 3814 951 3876 feliciter
973 3815 1003 3874 in
1026 3822 1059 3876 te
1082 3814 1218 3875 uertitur.
1266 3811 1319 3873 illo
1343 3813 1416 3873 uiuo
1437 3807 1516 3870 nesas

301 3929 349 3982 est
372 3929 412 3995 te,
436 3922 524 4001 quod
548 3921 670 3996 uixeris,
693 3922 788 4002 queri.

301 4093 384 4147 4.Μ.
476 4095 560 4147 trurit
576 4093 658 4148 Gertz
671 4101 769 4150 temere
860 4096 875 4148 'l
888 4073 981 4145 ilaritas
1074 4094 1105 4148 10
1124 4096 1274 4159 garrutilitas
1368 4057 1514 4145 t2d⁰1endu

410 4182 441 4234 13
468 4185 521 4233 aute
631 4183 663 4236 14
688 4192 751 4251 post
768 4201 856 4250 querar
874 4199 977 4237 comma
995 4199 1049 4236 non
1063 4189 1195 4252 punctum
1213 4183 1306 4252 posuit
1327 4181 1407 4236 Gertz

302 4289 334 4340 11
355 4295 437 4354 posset
451 4289 471 4356 (t
482 4290 509 4342 itt
522 4287 590 4357 ras.)
682 4289 715 4343 18
734 4291 828 4356 pupilla
845 4293 909 4340 hanc
1003 4291 1034 4343 19
1053 4267 1109 4356 pos
1116 4292 1213 4340 efficere
1233 4291 1360 4360 (praeter
1372 4307 1403 4354 po
1415 4283 1513 4349 iuras.)

409 4378 439 4430 21
462 4395 585 4444 compone
674 4379 708 4430 22
727 4387 850 4430 assuescat
869 4379 973 4448 (prima
991 4397 1003 4429 s
1019 4380 1102 4444 corr.)
1194 4379 1229 4432 ‘27
1247 4381 1343 4429 solacia
1361 4378 1386 4444 (a
1399 4380 1513 4429 extrerua

271 4473 284 4500 l
303 4464 330 4519 t'n
348 4465 414 4536 ras.)
505 4467 538 4520 29
557 4469 667 4533 impendi
757 4468 789 4520 31
810 4469 963 4521 consumatio
999 4499 1017 4542 s
1054 4467 1088 4521 33
1107 4469 1176 4536 queri
