3184 5318
287 344 348 407 132
501 339 579 380 urus.
595 339 633 378 vr.
662 339 704 379 Au
719 339 862 380 usnemu
879 339 918 378 ur
933 331 1176 381 cousomrrouu.
1207 340 1239 380 u.
1256 339 1289 382 u.

283 487 314 547 in
337 484 454 560 tabem,
479 484 627 546 alimenta
649 493 793 546 metuens
817 505 881 560 sua,
905 505 1040 565 quorum
1064 485 1164 546 modo
1188 485 1293 567 inopia
1315 493 1504 558 extenuatur,

207 644 209 649 .
285 591 377 652 modo
400 591 489 671 copia
513 593 681 674 rumpitur,
705 593 819 654 anxiae
841 591 1054 674 sollicitaeque
1078 591 1212 665 tutelae,
1235 592 1364 672 precarii
1387 591 1505 672 spiritus

213 727 215 731 ·
284 709 316 761 et
348 699 429 761 male
461 697 633 771 haerentis,
664 719 760 780 quem
784 699 815 758 sr'
836 697 924 778 quod
943 698 1097 778 apparuit
1118 697 1289 780 perieulum
1313 698 1530 780 repentinuml

284 816 343 868 aut
371 806 492 868 auditus
522 813 571 866 est
600 826 643 867 ex
674 806 834 886 inprouiso
857 827 953 868 sonus
976 806 1102 869 auribus
1126 806 1229 887 grauis
1251 806 1393 867 excutit:
1429 803 1504 866 solli-

259 915 427 976 scitudinis
458 933 585 994 semper
614 912 673 973 sibi
703 913 945 986 nutrimentum,
977 913 1124 976 uitiosum
1149 922 1180 975 et
1204 912 1315 974 inutile.
1364 912 1507 974 miramur

284 1022 315 1082 in
338 1021 400 1081 hoc
424 1030 577 1091 mortem,
599 1040 681 1099 quae
704 1020 793 1082 unius
816 1019 969 1098 singultus
992 1039 1072 1101 opus
1096 1023 1164 1082 est?
1197 1021 1349 1100 numquid
1373 1017 1458 1080 enim
1480 1027 1506 1078 ut

285 1128 439 1200 concidat,
463 1126 568 1206 magni
593 1145 641 1188 res
666 1126 840 1190 molimenti
864 1131 931 1190 est?
956 1129 1040 1189 odor
1061 1125 1103 1189 illi
1126 1148 1283 1209 saporque
1306 1135 1338 1187 et
1361 1125 1506 1186 lassitudo

286 1243 318 1295 et
340 1232 444 1314 uigilia
466 1242 498 1294 et
522 1253 614 1294 umor
638 1241 669 1294 et
693 1231 781 1295 cibus
805 1242 836 1294 et
860 1235 925 1296 sine
948 1234 1062 1314 quibus
1084 1235 1191 1296 uiuere
1206 1253 1271 1295 non
1287 1241 1403 1313 potest,
1429 1253 1505 1294 mor·

284 1339 374 1401 tisera
395 1348 475 1420 sunt.
513 1360 715 1421 quocumque
738 1361 772 1402 se
796 1342 896 1402 mouit
920 1342 1027 1403 statim
1051 1340 1237 1403 infirmitatis
1253 1360 1328 1402 suae
1343 1341 1506 1410 conscium,

247 1469 271 1510 ro
286 1467 349 1509 non
373 1466 469 1508 omne
493 1445 614 1508 caelum
638 1445 756 1521 serem,
784 1468 935 1528 aquarum
958 1447 1152 1510 nouitatibus
1176 1447 1314 1528 flatuque
1337 1467 1402 1508 non
1426 1445 1505 1508 farni-

285 1543 365 1615 liaiis
403 1573 497 1614 aurae
530 1562 561 1614 et
592 1554 780 1614 tenuissimis
811 1557 910 1615 causis
941 1562 1036 1636 atque
1067 1552 1291 1616 offensionibus
1322 1551 1506 1623 morbidum,

285 1659 387 1740 putre,
412 1661 594 1734 causarium,
618 1658 694 1720 fletu
718 1661 816 1722 uitam
839 1661 1046 1742 auspicatum,
1070 1681 1142 1722 cum
1165 1661 1288 1722 interim
1312 1667 1450 1742 quantos
1465 1670 1505 1720 tu-

287 1766 403 1828 multus
433 1765 496 1828 hoc
526 1775 591 1828 tam
624 1776 844 1848 contemptum
874 1766 988 1829 animal
1002 1770 1142 1830 mouet?
1174 1769 1204 1828 in
1235 1775 1370 1848 quantas
1393 1767 1505 1846 cogita-

252 1875 254 1880 ’
286 1875 389 1936 tiones
412 1872 545 1935 oblitum
570 1872 761 1935 condicionis
784 1894 859 1936 suae
882 1874 986 1936 uenit?
1018 1873 1209 1948 inmortalia,
1241 1882 1370 1935 aeterna
1393 1870 1533 1934 uolutatl

249 2006 273 2047 n
288 1981 393 2042 animo
425 1988 457 2041 et
487 1980 517 2040 in
549 1988 682 2062 nepotes
710 1989 967 2062 pronepotesque
991 1981 1144 2061 disponit,
1175 2000 1247 2042 cum
1270 1979 1393 2043 interim
1417 1979 1507 2058 longa

288 2077 457 2149 conantem
481 2106 553 2148 eum
572 2085 664 2150 'mors
688 2087 838 2168 opprimit
861 2095 894 2148 et
915 2086 989 2166 hoc,
1011 2088 1098 2169 quod
1115 2095 1258 2148 senectus
1275 2095 1414 2160 uocatur,
1436 2105 1504 2166 pau-

288 2193 485 2254 cissimorum
509 2193 653 2254 circuitus
676 2213 840 2256 annorum.

378 2297 445 2360 XII.
484 2298 587 2360 Dolor
609 2308 688 2371 tuus,
712 2300 738 2361 si
761 2300 861 2361 modo
884 2299 946 2361 ulla
965 2299 1006 2362 illi
1021 2300 1101 2362 ratio
1117 2309 1174 2375 est,
1199 2309 1304 2363 utrum
1320 2321 1378 2361 sua
1391 2306 1506 2380 spectat
1522 2295 1532 2346 1

288 2405 493 2468 incommoda
515 2426 556 2466 an
579 2405 644 2467 eius
668 2407 720 2488 qui
744 2407 898 2468 decessit?
931 2416 1036 2469 utrum
1060 2415 1093 2469 te
1116 2408 1146 2468 in
1169 2407 1285 2470 amisso
1309 2406 1373 2468 filio
1396 2415 1504 2479 mouet,

249 2537 275 2578 ru
289 2512 375 2594 quod
399 2512 496 2574 nullas
520 2533 563 2574 ex
585 2512 638 2574 illo
661 2513 840 2595 uoluptates
863 2514 981 2594 cepisti,
1005 2535 1045 2576 an
1068 2515 1155 2596 quod
1178 2515 1329 2588 maioreS,
1352 2515 1377 2576 si
1400 2514 1504 2575 diutius

289 2619 431 2694 uixisset,
454 2619 615 2702 percipere
638 2621 786 2700 potuisti?
817 2621 842 2682 si
865 2619 965 2683 nullas
987 2621 1164 2702 percepisse
1187 2630 1221 2684 te
1243 2622 1376 2696 dixeris,
1398 2619 1502 2683 tolera-

289 2725 377 2787 bilius
401 2724 515 2788 efficies
539 2727 764 2788 detrimentum
787 2735 885 2788 tuum.
931 2727 1032 2789 minus
1060 2728 1144 2790 enim
1166 2727 1312 2790 homines
1335 2727 1504 2812 desiderant

293 2921 302 2971 l
325 2921 401 2969 modo
415 2921 499 2986 inopia
513 2925 661 2981 extenuatur,
681 2921 757 2969 modo
771 2921 844 2985 copia
857 2922 975 2985 rumpitur
990 2917 1117 2990 Mudut'p:
1140 2923 1241 2970 modurn
1259 2923 1284 2970 in
1297 2923 1382 2988 inopia
1395 2923 1503 2987 rumpitur

203 2989 206 2996 Δ
372 3009 389 3061 2
408 3011 494 3073 ancxip
507 3009 639 3074 solliciteq3
661 3008 756 3072 tutele*
775 3025 894 3082 precare·
966 3011 1071 3074 precarii
1091 3006 1242 3064 deteriores
1326 3011 1341 3062 3
1360 3029 1407 3076 qua
1425 3026 1501 3076 pamm

290 3099 441 3161 repentinum
467 3095 527 3150 eod.
553 3114 625 3162 quem
649 3100 669 3147 si
694 3099 761 3163 quod
786 3100 898 3164 apparuit
921 3099 1056 3164 periculum
1080 3100 1230 3163 repentinum
1250 3097 1340 3162 Koch,
1366 3099 1418 3152 uisi
1435 3097 1503 3168 sorte

290 3201 362 3250 quem
381 3187 514 3249 perieulum
533 3188 685 3251 repentinum
705 3194 730 3239 et
745 3192 843 3256 postea
862 3194 903 3236 aut
922 3188 1017 3237 auditus
1036 3205 1064 3237 ex
1083 3190 1208 3252 inprouiso
1227 3187 1383 3256 sufficiun&
1403 3205 1469 3254 quem
1485 3188 1502 3234 si

290 3274 349 3338 quid
375 3276 487 3339 apparuit
512 3276 638 3339 repentino
666 3273 746 3328 Gertz
771 3293 843 3340 quem
868 3281 995 3340 petaurum
1021 3278 1172 3342 repentinum
1198 3273 1313 3346 Maduip
1338 3295 1409 3342 quem
1434 3292 1502 3341 pauor

290 3363 428 3426 repentinus
447 3361 570 3433 Lipsius,
595 3380 676 3433 quam
699 3365 881 3418 coniecturam
905 3364 944 3418 ita
968 3381 1028 3418 curn
1052 3365 1226 3435 sequentibus
1250 3366 1392 3420 coniunxit
1411 3364 1502 3432 Haupt,

290 3457 319 3502 ut
337 3467 408 3516 quem
428 3467 507 3516 pauor
520 3455 659 3518 repentinus
677 3454 753 3503 eludit
771 3459 795 3503 et
812 3471 841 3504 ex
855 3456 990 3520 improuiso
1001 3454 1133 3509 scriberet
1211 3454 1227 3506 4
1247 3457 1329 3506 audiet
1348 3474 1377 3505 ex
1390 3455 1502 3522 inprouiso

292 3537 350 3604 (sic,
371 3554 424 3592 nou
443 3544 467 3590 et
485 3542 621 3610 inprouiso)
641 3540 701 3596 eod,
722 3543 816 3592 auditus
836 3560 864 3592 ex
883 3544 1008 3607 inprouiso
1022 3541 1115 3596 Haase
1134 3546 1285 3594 autauditus
1299 3551 1334 3594 est
1347 3561 1376 3594 ex
1388 3543 1501 3608 inprouiso

293 3625 374 3680 Gertz
406 3635 446 3677 aut
475 3630 570 3680 auditus
593 3646 622 3680 ex
647 3632 771 3696 inprouiso
796 3628 910 3700 Madvig}
1037 3632 1208 3682 sollicitudinis
1231 3650 1326 3698 semper
1350 3635 1397 3682 sibi
1422 3629 1501 3690 Gertz,

291 3731 361 3784 quae
380 3717 535 3770 coniectura
553 3734 584 3771 eo
604 3719 793 3786 confirmatur,
820 3718 896 3788 quod
913 3719 1004 3774 codex
1022 3717 1102 3774 habet
1120 3721 1175 3770 solli
1195 3738 1291 3787 semper
1310 3724 1369 3783 sibi,
1395 3735 1443 3772 nou
1460 3717 1500 3767 soli

393 3840 408 3892 6
432 3843 549 3906 singultus
568 3840 676 3896 Haase:
701 3844 818 3909 singulius
926 3808 1047 3896 dhumor
1157 3845 1188 3897 lO
1213 3847 1342 3896 familiaris
1361 3861 1430 3896 aurae
1449 3840 1497 3894 ps,

197 4009 200 4015 ,
291 3930 419 4013 familiari}
437 3956 496 3990 aura
597 3940 630 3993 12
650 3943 787 3991 causarium
806 3939 868 3995 olim
887 3947 1054 3996 correnum:
1075 3959 1203 3992 causarum
1306 3945 1337 3997 13
1357 3942 1443 3992 animal
1460 3936 1499 3990 de-

290 4037 405 4090 teriores
418 4037 518 4107 pauci:
540 4039 641 4087 animali
744 4038 778 4090 16
797 4040 1000 4104 paucissimorum
1019 4037 1204 4108 nescioquis:
1232 4042 1382 4104 paucissimo
1401 4037 1507 4088 circuitus

292 4141 389 4229 annoru
403 4176 464 4233 eod.
477 4185 595 4232 ceterum
610 4178 686 4249 quod
699 4178 808 4234 Gertzio
822 4178 962 4251 displicuit
973 4186 1134 4235 senectutem
1147 4181 1229 4235 morti
1237 4181 1373 4253 postponi,
1385 4177 1499 4234 taturus

292 4267 406 4322 eundem
431 4265 554 4322 ordinem
579 4268 607 4320 r'n
632 4266 708 4322 claro
728 4266 872 4340 Sophoclis
897 4271 1003 4323 cantico
1030 4267 1095 4324 ord.
1116 4269 1170 4323 Col.
1192 4273 1257 4324 1211
1280 4286 1339 4340 sqq.
1427 4266 1454 4318 19
1471 4279 1496 4312 an
1525 4307 1528 4312 .

293 4359 342 4407 eius
361 4372 432 4410 unus
445 4355 624 4411 deteriorum:
646 4359 714 4434 apius
799 4360 823 4408 in
842 4361 934 4410 amisso
947 4357 1039 4412 Koch:
1060 4361 1084 4408 in
1098 4359 1174 4409 misso
1195 4361 1244 4427 (ita
1257 4358 1326 4422 eod,
1346 4375 1395 4412 nou
1408 4351 1496 4416 amisso)

382 4445 415 4498 20
435 4447 520 4510 cepisti
540 4443 595 4498 Εέ
617 4448 721 4510 cepisses
1027 4447 1030 4452 '
