<?xml version="1.0" encoding="UTF-8"?>
<!DOCTYPE html PUBLIC "-//W3C//DTD XHTML 1.0 Transitional//EN"
    "http://www.w3.org/TR/xhtml1/DTD/xhtml1-transitional.dtd">
<html xmlns="http://www.w3.org/1999/xhtml" xml:lang="en" lang="en">
 <head>
  <title>
</title>
<meta http-equiv="Content-Type" content="text/html;charset=utf-8" />
  <meta name='ocr-system' content='tesseract 3.04.00' />
  <meta name='ocr-capabilities' content='ocr_page ocr_carea ocr_par ocr_line ocrx_word'/>
</head>
<body>
  <div class='ocr_page' id='page_1' title='image "./lannaeisenecaed01vahlgoog_0319.png"; bbox 0 0 3212 5318; ppageno 0'>
   <div class='ocr_carea' id='block_1_1' title="bbox 300 365 1299 432">
    <p class='ocr_par' dir='ltr' id='par_1_1' title="bbox 300 365 1299 432">
     <span class='ocr_line' id='line_1_1' title="bbox 300 365 1299 432; baseline 0.006 -28"><span class='ocrx_word' id='word_1_1' title='bbox 300 369 364 432; x_wconf 74' lang='lat'>278</span> <span class='ocrx_word' id='word_1_2' title='bbox 527 366 606 410; x_wconf 79' lang='lat' dir='ltr'>DIAL.</span> <span class='ocrx_word' id='word_1_3' title='bbox 618 365 668 407; x_wconf 85' lang='lat' dir='ltr'>XII.</span> <span class='ocrx_word' id='word_1_4' title='bbox 694 367 735 407; x_wconf 76' lang='lat' dir='ltr'>AD</span> <span class='ocrx_word' id='word_1_5' title='bbox 750 366 902 408; x_wconf 79' lang='lat' dir='ltr'>POLYBIVM</span> <span class='ocrx_word' id='word_1_6' title='bbox 919 367 959 408; x_wconf 77' lang='lat' dir='ltr'>DE</span> <span class='ocrx_word' id='word_1_7' title='bbox 974 365 1214 410; x_wconf 81' lang='lat' dir='ltr'>CONSOLATIONE.</span> <span class='ocrx_word' id='word_1_8' title='bbox 1245 370 1264 410; x_wconf 76' lang='lat' dir='ltr'>i.</span> <span class='ocrx_word' id='word_1_9' title='bbox 1280 371 1299 410; x_wconf 83' lang='lat'>8.</span> 
     </span>
    </p>
   </div>
   <div class='ocr_carea' id='block_1_2' title="bbox 299 433 1588 595">
    <p class='ocr_par' dir='ltr' id='par_1_2' title="bbox 299 433 1588 595">
     <span class='ocr_line' id='line_1_2' title="bbox 1587 433 1588 488; baseline 0 0"><span class='ocrx_word' id='word_1_10' title='bbox 1587 433 1588 488; x_wconf 88' lang='lat' dir='ltr'>l</span> 
     </span>
     <span class='ocr_line' id='line_1_3' title="bbox 299 509 1542 595; baseline 0.003 -23"><span class='ocrx_word' id='word_1_11' title='bbox 299 509 341 572; x_wconf 91' lang='lat' dir='ltr'>illi</span> <span class='ocrx_word' id='word_1_12' title='bbox 371 512 443 576; x_wconf 91' lang='lat' dir='ltr'>licet</span> <span class='ocrx_word' id='word_1_13' title='bbox 473 531 532 574; x_wconf 90' lang='lat' dir='ltr'>nec</span> <span class='ocrx_word' id='word_1_14' title='bbox 562 511 732 576; x_wconf 83' lang='lat' dir='ltr'>subsistere</span> <span class='ocrx_word' id='word_1_15' title='bbox 756 513 1004 595; x_wconf 90' lang='lat' dir='ltr'>necquicquam</span> <span class='ocrx_word' id='word_1_16' title='bbox 1028 534 1118 576; x_wconf 89' lang='lat' dir='ltr'>suum</span> <span class='ocrx_word' id='word_1_17' title='bbox 1143 512 1254 576; x_wconf 82' lang='lat' dir='ltr'>facere.</span> <span class='ocrx_word' id='word_1_18' title='bbox 1300 515 1341 577; x_wconf 92' lang='lat' dir='ltr'>ad</span> <span class='ocrx_word' id='word_1_19' title='bbox 1365 515 1509 594; x_wconf 85' lang='lat' dir='ltr'>quendam</span> <span class='ocrx_word' id='word_1_20' title='bbox 1529 530 1542 582; x_wconf 83' lang='lat'><strong>3</strong></span> 
     </span>
    </p>
   </div>
   <div class='ocr_carea' id='block_1_3' title="bbox 300 618 1512 702">
    <p class='ocr_par' dir='ltr' id='par_1_3' title="bbox 300 603 1588 1594">
     <span class='ocr_line' id='line_1_4' title="bbox 300 618 1512 702; baseline 0.002 -22"><span class='ocrx_word' id='word_1_21' title='bbox 300 619 405 698; x_wconf 89' lang='lat' dir='ltr'>itaque</span> <span class='ocrx_word' id='word_1_22' title='bbox 429 620 561 680; x_wconf 93' lang='lat' dir='ltr'>modum</span> <span class='ocrx_word' id='word_1_23' title='bbox 585 618 641 682; x_wconf 93' lang='lat' dir='ltr'>tibi</span> <span class='ocrx_word' id='word_1_24' title='bbox 665 640 792 700; x_wconf 91' lang='lat' dir='ltr'>quoque</span> <span class='ocrx_word' id='word_1_25' title='bbox 815 622 929 683; x_wconf 90' lang='lat' dir='ltr'>eadem</span> <span class='ocrx_word' id='word_1_26' title='bbox 952 622 1122 683; x_wconf 84' lang='lat' dir='ltr'>necessitas</span> <span class='ocrx_word' id='word_1_27' title='bbox 1145 619 1331 702; x_wconf 86' lang='lat' dir='ltr'>iniungitur:</span> <span class='ocrx_word' id='word_1_28' title='bbox 1365 620 1512 682; x_wconf 91' lang='lat' dir='ltr'>nonlicet</span> 
     </span>
    </p>
   </div>
   <div class='ocr_carea' id='block_1_4' title="bbox 265 724 1573 3473">
    <p class='ocr_par' dir='ltr' id='par_1_4' title="bbox 265 724 1573 3473">
     <span class='ocr_line' id='line_1_5' title="bbox 300 724 1511 810; baseline 0.002 -25"><span class='ocrx_word' id='word_1_29' title='bbox 300 724 357 785; x_wconf 92' lang='lat' dir='ltr'>tibi</span> <span class='ocrx_word' id='word_1_30' title='bbox 388 726 430 786; x_wconf 89' lang='lat' dir='ltr'>ad</span> <span class='ocrx_word' id='word_1_31' title='bbox 462 724 611 787; x_wconf 85' lang='lat' dir='ltr'>utilitates</span> <span class='ocrx_word' id='word_1_32' title='bbox 642 735 729 799; x_wconf 90' lang='lat' dir='ltr'>tuas,</span> <span class='ocrx_word' id='word_1_33' title='bbox 760 727 800 788; x_wconf 94' lang='lat' dir='ltr'>ad</span> <span class='ocrx_word' id='word_1_34' title='bbox 833 729 936 790; x_wconf 89' lang='lat' dir='ltr'>studia</span> <span class='ocrx_word' id='word_1_35' title='bbox 967 736 1021 789; x_wconf 91' lang='lat' dir='ltr'>tua</span> <span class='ocrx_word' id='word_1_36' title='bbox 1043 727 1205 810; x_wconf 88' lang='lat' dir='ltr'>respicere.</span> <span class='ocrx_word' id='word_1_37' title='bbox 1254 726 1388 790; x_wconf 87' lang='lat' dir='ltr'>Caesare</span> <span class='ocrx_word' id='word_1_38' title='bbox 1411 727 1511 788; x_wconf 90' lang='lat' dir='ltr'>orbem</span> 
     </span>
     <span class='ocr_line' id='line_1_6' title="bbox 301 830 1512 914; baseline 0.001 -22"><span class='ocrx_word' id='word_1_39' title='bbox 301 839 455 893; x_wconf 89' lang='lat' dir='ltr'>terramm</span> <span class='ocrx_word' id='word_1_40' title='bbox 486 830 668 911; x_wconf 86' lang='lat' dir='ltr'>possidente</span> <span class='ocrx_word' id='word_1_41' title='bbox 699 832 836 914; x_wconf 92' lang='lat' dir='ltr'>inpartiri</span> <span class='ocrx_word' id='word_1_42' title='bbox 868 841 901 895; x_wconf 91' lang='lat' dir='ltr'>te</span> <span class='ocrx_word' id='word_1_43' title='bbox 924 853 982 895; x_wconf 90' lang='lat' dir='ltr'>nec</span> <span class='ocrx_word' id='word_1_44' title='bbox 1006 832 1161 914; x_wconf 91' lang='lat' dir='ltr'>uoluptati</span> <span class='ocrx_word' id='word_1_45' title='bbox 1185 853 1244 894; x_wconf 92' lang='lat' dir='ltr'>nec</span> <span class='ocrx_word' id='word_1_46' title='bbox 1268 831 1370 894; x_wconf 93' lang='lat' dir='ltr'>dolori</span> <span class='ocrx_word' id='word_1_47' title='bbox 1392 853 1446 894; x_wconf 92' lang='lat' dir='ltr'>nec</span> <span class='ocrx_word' id='word_1_48' title='bbox 1466 832 1512 894; x_wconf 92' lang='lat' dir='ltr'>ulli</span> 
     </span>
     <span class='ocr_line' id='line_1_7' title="bbox 276 935 1543 1018; baseline 0.002 -21"><span class='ocrx_word' id='word_1_49' title='bbox 276 935 352 999; x_wconf 72' lang='lat' dir='ltr'>salii</span> <span class='ocrx_word' id='word_1_50' title='bbox 383 938 427 998; x_wconf 91' lang='lat' dir='ltr'>rei</span> <span class='ocrx_word' id='word_1_51' title='bbox 450 949 563 1018; x_wconf 91' lang='lat' dir='ltr'>potes:</span> <span class='ocrx_word' id='word_1_52' title='bbox 599 946 703 1000; x_wconf 91' lang='lat' dir='ltr'>totum</span> <span class='ocrx_word' id='word_1_53' title='bbox 727 947 759 1000; x_wconf 91' lang='lat' dir='ltr'>te</span> <span class='ocrx_word' id='word_1_54' title='bbox 783 939 909 1002; x_wconf 85' lang='lat' dir='ltr'>Caesari</span> <span class='ocrx_word' id='word_1_55' title='bbox 934 939 1041 1002; x_wconf 88' lang='lat' dir='ltr'>debes.</span> <span class='ocrx_word' id='word_1_56' title='bbox 1088 940 1177 1002; x_wconf 87' lang='lat' dir='ltr'>adice</span> <span class='ocrx_word' id='word_1_57' title='bbox 1207 960 1290 1001; x_wconf 90' lang='lat' dir='ltr'>nunc</span> <span class='ocrx_word' id='word_1_58' title='bbox 1319 939 1419 1018; x_wconf 90' lang='lat' dir='ltr'>quod,</span> <span class='ocrx_word' id='word_1_59' title='bbox 1448 957 1543 1008; x_wconf 68' lang='lat' dir='ltr'>cumt</span> 
     </span>
     <span class='ocr_line' id='line_1_8' title="bbox 302 1045 1511 1128; baseline 0.001 -23"><span class='ocrx_word' id='word_1_60' title='bbox 302 1065 430 1124; x_wconf 89' lang='lat' dir='ltr'>semper</span> <span class='ocrx_word' id='word_1_61' title='bbox 452 1045 614 1124; x_wconf 88' lang='lat' dir='ltr'>praedices</span> <span class='ocrx_word' id='word_1_62' title='bbox 637 1045 790 1108; x_wconf 88' lang='lat' dir='ltr'>cariorem</span> <span class='ocrx_word' id='word_1_63' title='bbox 814 1046 870 1108; x_wconf 91' lang='lat' dir='ltr'>tibi</span> <span class='ocrx_word' id='word_1_64' title='bbox 893 1048 1001 1128; x_wconf 90' lang='lat' dir='ltr'>spiritu</span> <span class='ocrx_word' id='word_1_65' title='bbox 1026 1056 1082 1108; x_wconf 90' lang='lat' dir='ltr'>tuo</span> <span class='ocrx_word' id='word_1_66' title='bbox 1107 1046 1275 1109; x_wconf 87' lang='lat' dir='ltr'>Caesarem</span> <span class='ocrx_word' id='word_1_67' title='bbox 1300 1066 1377 1120; x_wconf 90' lang='lat' dir='ltr'>esse,</span> <span class='ocrx_word' id='word_1_68' title='bbox 1400 1045 1442 1107; x_wconf 88' lang='lat' dir='ltr'>sas</span> <span class='ocrx_word' id='word_1_69' title='bbox 1463 1045 1511 1107; x_wconf 93' lang='lat' dir='ltr'>tibi</span> 
     </span>
     <span class='ocr_line' id='line_1_9' title="bbox 303 1151 1512 1233; baseline 0 -20"><span class='ocrx_word' id='word_1_70' title='bbox 303 1172 366 1213; x_wconf 95' lang='lat' dir='ltr'>non</span> <span class='ocrx_word' id='word_1_71' title='bbox 399 1159 446 1212; x_wconf 90' lang='lat' dir='ltr'>est</span> <span class='ocrx_word' id='word_1_72' title='bbox 476 1151 564 1214; x_wconf 91' lang='lat' dir='ltr'>saluo</span> <span class='ocrx_word' id='word_1_73' title='bbox 589 1151 724 1215; x_wconf 86' lang='lat' dir='ltr'>Caesare</span> <span class='ocrx_word' id='word_1_74' title='bbox 756 1154 797 1215; x_wconf 91' lang='lat' dir='ltr'>de</span> <span class='ocrx_word' id='word_1_75' title='bbox 829 1152 953 1215; x_wconf 85' lang='lat' dir='ltr'>fortuna</span> <span class='ocrx_word' id='word_1_76' title='bbox 976 1154 1081 1233; x_wconf 92' lang='lat' dir='ltr'>queri:</span> <span class='ocrx_word' id='word_1_77' title='bbox 1115 1152 1178 1215; x_wconf 92' lang='lat' dir='ltr'>hoc</span> <span class='ocrx_word' id='word_1_78' title='bbox 1201 1151 1348 1214; x_wconf 92' lang='lat' dir='ltr'>incolumi</span> <span class='ocrx_word' id='word_1_79' title='bbox 1371 1151 1444 1214; x_wconf 91' lang='lat' dir='ltr'>salui</span> <span class='ocrx_word' id='word_1_80' title='bbox 1464 1153 1512 1213; x_wconf 93' lang='lat' dir='ltr'>tibi</span> 
     </span>
     <span class='ocr_line' id='line_1_10' title="bbox 303 1257 1512 1340; baseline -0.001 -20"><span class='ocrx_word' id='word_1_81' title='bbox 303 1266 375 1320; x_wconf 90' lang='lat' dir='ltr'>sunt</span> <span class='ocrx_word' id='word_1_82' title='bbox 398 1259 458 1333; x_wconf 89' lang='lat' dir='ltr'>tui,</span> <span class='ocrx_word' id='word_1_83' title='bbox 481 1257 555 1320; x_wconf 90' lang='lat' dir='ltr'>nihil</span> <span class='ocrx_word' id='word_1_84' title='bbox 577 1260 748 1340; x_wconf 89' lang='lat' dir='ltr'>perdidisti,</span> <span class='ocrx_word' id='word_1_85' title='bbox 773 1281 836 1322; x_wconf 93' lang='lat' dir='ltr'>non</span> <span class='ocrx_word' id='word_1_86' title='bbox 860 1269 983 1322; x_wconf 89' lang='lat' dir='ltr'>tanturn</span> <span class='ocrx_word' id='word_1_87' title='bbox 1008 1261 1108 1323; x_wconf 87' lang='lat' dir='ltr'>siccos</span> <span class='ocrx_word' id='word_1_88' title='bbox 1131 1259 1241 1322; x_wconf 90' lang='lat' dir='ltr'>oculos</span> <span class='ocrx_word' id='word_1_89' title='bbox 1265 1269 1337 1321; x_wconf 89' lang='lat' dir='ltr'>tuos</span> <span class='ocrx_word' id='word_1_90' title='bbox 1361 1279 1441 1333; x_wconf 89' lang='lat' dir='ltr'>esse,</span> <span class='ocrx_word' id='word_1_91' title='bbox 1463 1259 1512 1320; x_wconf 91' lang='lat' dir='ltr'>sed</span> 
     </span>
     <span class='ocr_line' id='line_1_11' title="bbox 304 1353 1513 1448; baseline -0.001 -22"><span class='ocrx_word' id='word_1_92' title='bbox 304 1366 398 1426; x_wconf 91' lang='lat' dir='ltr'>etiam</span> <span class='ocrx_word' id='word_1_93' title='bbox 430 1363 530 1426; x_wconf 90' lang='lat' dir='ltr'>laetos</span> <span class='ocrx_word' id='word_1_94' title='bbox 561 1375 698 1448; x_wconf 88' lang='lat' dir='ltr'>oportet.</span> <span class='ocrx_word' id='word_1_95' title='bbox 744 1367 773 1426; x_wconf 95' lang='lat' dir='ltr'>in</span> <span class='ocrx_word' id='word_1_96' title='bbox 804 1364 867 1428; x_wconf 91' lang='lat' dir='ltr'>hoc</span> <span class='ocrx_word' id='word_1_97' title='bbox 895 1367 952 1429; x_wconf 91' lang='lat' dir='ltr'>tibi</span> <span class='ocrx_word' id='word_1_98' title='bbox 975 1369 1082 1430; x_wconf 89' lang='lat' dir='ltr'>omnia</span> <span class='ocrx_word' id='word_1_99' title='bbox 1105 1353 1192 1442; x_wconf 70' lang='lat' dir='ltr'>sunt]</span> <span class='ocrx_word' id='word_1_100' title='bbox 1224 1367 1275 1428; x_wconf 90' lang='lat' dir='ltr'>hic</span> <span class='ocrx_word' id='word_1_101' title='bbox 1298 1387 1357 1448; x_wconf 94' lang='lat' dir='ltr'>pro</span> <span class='ocrx_word' id='word_1_102' title='bbox 1380 1365 1513 1428; x_wconf 90' lang='lat' dir='ltr'>omnibus</span> 
     </span>
     <span class='ocr_line' id='line_1_12' title="bbox 267 1471 1513 1554; baseline 0.002 -24"><span class='ocrx_word' id='word_1_103' title='bbox 267 1493 289 1531; x_wconf 82' lang='lat' dir='ltr'>n</span> <span class='ocrx_word' id='word_1_104' title='bbox 305 1480 360 1534; x_wconf 90' lang='lat' dir='ltr'>est.</span> <span class='ocrx_word' id='word_1_105' title='bbox 406 1474 494 1551; x_wconf 95' lang='lat' dir='ltr'>quod</span> <span class='ocrx_word' id='word_1_106' title='bbox 517 1471 613 1552; x_wconf 83' lang='lat' dir='ltr'>longe</span> <span class='ocrx_word' id='word_1_107' title='bbox 636 1492 654 1532; x_wconf 89' lang='lat' dir='ltr'>a</span> <span class='ocrx_word' id='word_1_108' title='bbox 678 1473 819 1534; x_wconf 89' lang='lat' dir='ltr'>sensibus</span> <span class='ocrx_word' id='word_1_109' title='bbox 842 1474 903 1535; x_wconf 91' lang='lat' dir='ltr'>tuis</span> <span class='ocrx_word' id='word_1_110' title='bbox 926 1474 1175 1554; x_wconf 90' lang='lat' dir='ltr'>prudentissimis</span> <span class='ocrx_word' id='word_1_111' title='bbox 1198 1474 1405 1554; x_wconf 89' lang='lat' dir='ltr'>piissimisque</span> <span class='ocrx_word' id='word_1_112' title='bbox 1426 1471 1513 1544; x_wconf 90' lang='lat' dir='ltr'>abest,</span> 
     </span>
     <span class='ocr_line' id='line_1_13' title="bbox 305 1577 1514 1662; baseline -0.002 -22"><span class='ocrx_word' id='word_1_113' title='bbox 305 1580 457 1642; x_wconf 89' lang='lat' dir='ltr'>aduersus</span> <span class='ocrx_word' id='word_1_114' title='bbox 480 1577 660 1642; x_wconf 82' lang='lat' dir='ltr'>felicitatem</span> <span class='ocrx_word' id='word_1_115' title='bbox 685 1589 773 1642; x_wconf 87' lang='lat' dir='ltr'>tuam</span> <span class='ocrx_word' id='word_1_116' title='bbox 797 1600 909 1661; x_wconf 89' lang='lat' dir='ltr'>parum</span> <span class='ocrx_word' id='word_1_117' title='bbox 933 1592 1042 1662; x_wconf 83' lang='lat' dir='ltr'>gratus</span> <span class='ocrx_word' id='word_1_118' title='bbox 1066 1601 1116 1656; x_wconf 73' lang='grc' dir='ltr'>οε,</span> <span class='ocrx_word' id='word_1_119' title='bbox 1147 1581 1172 1642; x_wconf 94' lang='lat' dir='ltr'>si</span> <span class='ocrx_word' id='word_1_120' title='bbox 1195 1581 1252 1643; x_wconf 93' lang='lat' dir='ltr'>tibi</span> <span class='ocrx_word' id='word_1_121' title='bbox 1276 1580 1439 1660; x_wconf 92' lang='lat' dir='ltr'>quicquam</span> <span class='ocrx_word' id='word_1_122' title='bbox 1460 1577 1514 1638; x_wconf 90' lang='lat' dir='ltr'>hoc</span> 
     </span>
     <span class='ocr_line' id='line_1_14' title="bbox 295 1685 679 1766; baseline 0 -18"><span class='ocrx_word' id='word_1_123' title='bbox 295 1686 394 1748; x_wconf 87' lang='lat' dir='ltr'>-saluo</span> <span class='ocrx_word' id='word_1_124' title='bbox 419 1685 493 1747; x_wconf 87' lang='lat' dir='ltr'>flere</span> <span class='ocrx_word' id='word_1_125' title='bbox 517 1686 679 1766; x_wconf 91' lang='lat' dir='ltr'>permittis.</span> 
     </span>
     <span class='ocr_line' id='line_1_15' title="bbox 393 1791 1543 1874; baseline 0.003 -20"><span class='ocrx_word' id='word_1_126' title='bbox 393 1792 476 1854; x_wconf 88' lang='lat' dir='ltr'>VIII.</span> <span class='ocrx_word' id='word_1_127' title='bbox 514 1791 702 1855; x_wconf 89' lang='lat' dir='ltr'>Monstrabo</span> <span class='ocrx_word' id='word_1_128' title='bbox 734 1795 912 1856; x_wconf 85' lang='lat' dir='ltr'>etiamnunc</span> <span class='ocrx_word' id='word_1_129' title='bbox 942 1815 1005 1856; x_wconf 93' lang='lat' dir='ltr'>non</span> <span class='ocrx_word' id='word_1_130' title='bbox 1036 1795 1165 1874; x_wconf 91' lang='lat' dir='ltr'>quidem</span> <span class='ocrx_word' id='word_1_131' title='bbox 1197 1794 1314 1856; x_wconf 89' lang='lat' dir='ltr'>firmius</span> <span class='ocrx_word' id='word_1_132' title='bbox 1346 1793 1543 1866; x_wconf 78' lang='lat' dir='ltr'>remediuml</span> 
     </span>
     <span class='ocr_line' id='line_1_16' title="bbox 305 1897 1513 1982; baseline -0.002 -22"><span class='ocrx_word' id='word_1_133' title='bbox 305 1899 362 1960; x_wconf 91' lang='lat' dir='ltr'>sed</span> <span class='ocrx_word' id='word_1_134' title='bbox 393 1897 578 1960; x_wconf 82' lang='lat' dir='ltr'>familiarius.</span> <span class='ocrx_word' id='word_1_135' title='bbox 632 1899 657 1960; x_wconf 92' lang='lat' dir='ltr'>si</span> <span class='ocrx_word' id='word_1_136' title='bbox 690 1899 818 1978; x_wconf 90' lang='lat' dir='ltr'>quando</span> <span class='ocrx_word' id='word_1_137' title='bbox 850 1909 882 1962; x_wconf 92' lang='lat' dir='ltr'>te</span> <span class='ocrx_word' id='word_1_138' title='bbox 913 1898 1046 1962; x_wconf 92' lang='lat' dir='ltr'>domum</span> <span class='ocrx_word' id='word_1_139' title='bbox 1078 1901 1249 1982; x_wconf 89' lang='lat' dir='ltr'>receperis,</span> <span class='ocrx_word' id='word_1_140' title='bbox 1281 1908 1355 1962; x_wconf 93' lang='lat' dir='ltr'>tunc</span> <span class='ocrx_word' id='word_1_141' title='bbox 1386 1900 1439 1962; x_wconf 89' lang='lat' dir='ltr'>erit</span> <span class='ocrx_word' id='word_1_142' title='bbox 1465 1897 1513 1958; x_wconf 88' lang='lat' dir='ltr'>tibi</span> 
     </span>
     <span class='ocr_line' id='line_1_17' title="bbox 269 2003 1513 2085; baseline -0.001 -20"><span class='ocrx_word' id='word_1_143' title='bbox 269 2026 291 2066; x_wconf 81' lang='lat' dir='ltr'>rs</span> <span class='ocrx_word' id='word_1_144' title='bbox 307 2006 479 2066; x_wconf 91' lang='lat' dir='ltr'>metuenda</span> <span class='ocrx_word' id='word_1_145' title='bbox 501 2006 632 2067; x_wconf 86' lang='lat' dir='ltr'>tristitia.</span> <span class='ocrx_word' id='word_1_146' title='bbox 678 2026 752 2067; x_wconf 89' lang='lat' dir='ltr'>nam</span> <span class='ocrx_word' id='word_1_147' title='bbox 776 2007 926 2085; x_wconf 87' lang='lat' dir='ltr'>quamdiu</span> <span class='ocrx_word' id='word_1_148' title='bbox 950 2027 1065 2069; x_wconf 91' lang='lat' dir='ltr'>numen</span> <span class='ocrx_word' id='word_1_149' title='bbox 1089 2015 1179 2069; x_wconf 88' lang='lat' dir='ltr'>tuum</span> <span class='ocrx_word' id='word_1_150' title='bbox 1203 2007 1388 2082; x_wconf 75' lang='lat' dir='ltr'>intueberiS,</span> <span class='ocrx_word' id='word_1_151' title='bbox 1410 2003 1513 2067; x_wconf 91' lang='lat' dir='ltr'>nullum</span> 
     </span>
     <span class='ocr_line' id='line_1_18' title="bbox 306 2089 1573 2188; baseline -0.002 -16"><span class='ocrx_word' id='word_1_152' title='bbox 306 2111 357 2174; x_wconf 89' lang='lat' dir='ltr'>illa</span> <span class='ocrx_word' id='word_1_153' title='bbox 379 2113 421 2174; x_wconf 92' lang='lat' dir='ltr'>ad</span> <span class='ocrx_word' id='word_1_154' title='bbox 445 2121 477 2174; x_wconf 88' lang='lat' dir='ltr'>te</span> <span class='ocrx_word' id='word_1_155' title='bbox 500 2113 635 2174; x_wconf 87' lang='lat' dir='ltr'>inueniet</span> <span class='ocrx_word' id='word_1_156' title='bbox 659 2133 830 2188; x_wconf 86' lang='lat' dir='ltr'>accessum,</span> <span class='ocrx_word' id='word_1_157' title='bbox 855 2114 961 2176; x_wconf 90' lang='lat' dir='ltr'>omnia</span> <span class='ocrx_word' id='word_1_158' title='bbox 983 2115 1014 2175; x_wconf 94' lang='lat' dir='ltr'>in</span> <span class='ocrx_word' id='word_1_159' title='bbox 1039 2124 1071 2176; x_wconf 90' lang='lat' dir='ltr'>te</span> <span class='ocrx_word' id='word_1_160' title='bbox 1088 2113 1205 2176; x_wconf 86' lang='lat' dir='ltr'>Caesar</span> <span class='ocrx_word' id='word_1_161' title='bbox 1228 2113 1357 2176; x_wconf 90' lang='lat' dir='ltr'>tenebit.</span> <span class='ocrx_word' id='word_1_162' title='bbox 1395 2131 1461 2174; x_wconf 91' lang='lat' dir='ltr'>cum</span> <span class='ocrx_word' id='word_1_163' title='bbox 1479 2109 1513 2171; x_wconf 89' lang='lat' dir='ltr'>ab</span> <span class='ocrx_word' id='word_1_164' title='bbox 1568 2089 1573 2104; x_wconf 58' lang='lat'>⁸</span> 
     </span>
     <span class='ocr_line' id='line_1_19' title="bbox 305 2217 1514 2294; baseline -0.002 -16"><span class='ocrx_word' id='word_1_165' title='bbox 305 2217 357 2280; x_wconf 94' lang='lat' dir='ltr'>illo</span> <span class='ocrx_word' id='word_1_166' title='bbox 382 2219 568 2294; x_wconf 90' lang='lat' dir='ltr'>discesseris,</span> <span class='ocrx_word' id='word_1_167' title='bbox 592 2229 667 2280; x_wconf 88' lang='lat' dir='ltr'>tunc</span> <span class='ocrx_word' id='word_1_168' title='bbox 691 2220 776 2281; x_wconf 93' lang='lat' dir='ltr'>uelut</span> <span class='ocrx_word' id='word_1_169' title='bbox 800 2220 966 2282; x_wconf 88' lang='lat' dir='ltr'>occasione</span> <span class='ocrx_word' id='word_1_170' title='bbox 982 2219 1057 2282; x_wconf 91' lang='lat' dir='ltr'>data</span> <span class='ocrx_word' id='word_1_171' title='bbox 1072 2220 1269 2282; x_wconf 92' lang='lat' dir='ltr'>insidiabitur</span> <span class='ocrx_word' id='word_1_172' title='bbox 1284 2218 1440 2282; x_wconf 89' lang='lat' dir='ltr'>solitudini</span> <span class='ocrx_word' id='word_1_173' title='bbox 1452 2225 1514 2278; x_wconf 89' lang='lat' dir='ltr'>tuae</span> 
     </span>
     <span class='ocr_line' id='line_1_20' title="bbox 307 2325 1544 2408; baseline 0.002 -22"><span class='ocrx_word' id='word_1_174' title='bbox 307 2325 399 2388; x_wconf 89' lang='lat' dir='ltr'>dolor</span> <span class='ocrx_word' id='word_1_175' title='bbox 422 2335 454 2387; x_wconf 92' lang='lat' dir='ltr'>et</span> <span class='ocrx_word' id='word_1_176' title='bbox 477 2326 682 2406; x_wconf 85' lang='lat' dir='ltr'>requiescenti</span> <span class='ocrx_word' id='word_1_177' title='bbox 706 2327 811 2388; x_wconf 90' lang='lat' dir='ltr'>animo</span> <span class='ocrx_word' id='word_1_178' title='bbox 835 2335 890 2388; x_wconf 90' lang='lat' dir='ltr'>tuo</span> <span class='ocrx_word' id='word_1_179' title='bbox 914 2325 1065 2408; x_wconf 89' lang='lat' dir='ltr'>paulatim</span> <span class='ocrx_word' id='word_1_180' title='bbox 1090 2330 1220 2408; x_wconf 80' lang='lat' dir='ltr'>intepet.</span> <span class='ocrx_word' id='word_1_181' title='bbox 1267 2327 1372 2406; x_wconf 90' lang='lat' dir='ltr'>itaque</span> <span class='ocrx_word' id='word_1_182' title='bbox 1395 2344 1453 2385; x_wconf 93' lang='lat' dir='ltr'>non</span> <span class='ocrx_word' id='word_1_183' title='bbox 1473 2330 1544 2388; x_wconf 67' lang='lat' dir='ltr'>estu</span> 
     </span>
     <span class='ocr_line' id='line_1_21' title="bbox 280 2430 1516 2515; baseline -0.006 -21"><span class='ocrx_word' id='word_1_184' title='bbox 280 2434 392 2513; x_wconf 91' lang='lat' dir='ltr'>··quod</span> <span class='ocrx_word' id='word_1_185' title='bbox 426 2432 522 2495; x_wconf 88' lang='lat' dir='ltr'>ullum</span> <span class='ocrx_word' id='word_1_186' title='bbox 554 2443 681 2514; x_wconf 92' lang='lat' dir='ltr'>tempus</span> <span class='ocrx_word' id='word_1_187' title='bbox 711 2453 823 2496; x_wconf 91' lang='lat' dir='ltr'>uacare</span> <span class='ocrx_word' id='word_1_188' title='bbox 855 2434 982 2515; x_wconf 88' lang='lat' dir='ltr'>patiaris</span> <span class='ocrx_word' id='word_1_189' title='bbox 1015 2454 1033 2495; x_wconf 91' lang='lat' dir='ltr'>a</span> <span class='ocrx_word' id='word_1_190' title='bbox 1063 2433 1193 2496; x_wconf 92' lang='lat' dir='ltr'>studiis:</span> <span class='ocrx_word' id='word_1_191' title='bbox 1226 2441 1302 2494; x_wconf 91' lang='lat' dir='ltr'>tunc</span> <span class='ocrx_word' id='word_1_192' title='bbox 1332 2433 1388 2495; x_wconf 91' lang='lat' dir='ltr'>tibi</span> <span class='ocrx_word' id='word_1_193' title='bbox 1410 2430 1516 2492; x_wconf 88' lang='lat' dir='ltr'>litterae</span> 
     </span>
     <span class='ocr_line' id='line_1_22' title="bbox 265 2538 1516 2621; baseline -0.005 -21"><span class='ocrx_word' id='word_1_194' title='bbox 265 2559 292 2600; x_wconf 84' lang='lat' dir='ltr'>n</span> <span class='ocrx_word' id='word_1_195' title='bbox 306 2549 380 2602; x_wconf 90' lang='lat' dir='ltr'>tuae</span> <span class='ocrx_word' id='word_1_196' title='bbox 410 2549 477 2602; x_wconf 91' lang='lat' dir='ltr'>tam</span> <span class='ocrx_word' id='word_1_197' title='bbox 509 2539 562 2602; x_wconf 90' lang='lat' dir='ltr'>diu</span> <span class='ocrx_word' id='word_1_198' title='bbox 593 2560 629 2601; x_wconf 91' lang='lat' dir='ltr'>ac</span> <span class='ocrx_word' id='word_1_199' title='bbox 660 2548 726 2601; x_wconf 87' lang='lat' dir='ltr'>tam</span> <span class='ocrx_word' id='word_1_200' title='bbox 750 2539 883 2602; x_wconf 88' lang='lat' dir='ltr'>fideliter</span> <span class='ocrx_word' id='word_1_201' title='bbox 906 2549 1032 2603; x_wconf 89' lang='lat' dir='ltr'>amatae</span> <span class='ocrx_word' id='word_1_202' title='bbox 1056 2541 1190 2621; x_wconf 87' lang='lat' dir='ltr'>gratiam</span> <span class='ocrx_word' id='word_1_203' title='bbox 1213 2538 1358 2601; x_wconf 85' lang='lat' dir='ltr'>reserant</span> <span class='ocrx_word' id='word_1_204' title='bbox 1402 2545 1470 2598; x_wconf 90' lang='grc' dir='ltr'>ωηο</span> <span class='ocrx_word' id='word_1_205' title='bbox 1488 2543 1516 2594; x_wconf 89' lang='lat' dir='ltr'>te</span> 
     </span>
     <span class='ocr_line' id='line_1_23' title="bbox 307 2645 1516 2709; baseline -0.007 -1"><span class='ocrx_word' id='word_1_206' title='bbox 307 2645 376 2709; x_wconf 91' lang='lat' dir='ltr'>illae</span> <span class='ocrx_word' id='word_1_207' title='bbox 407 2647 579 2708; x_wconf 91' lang='lat' dir='ltr'>antistitem</span> <span class='ocrx_word' id='word_1_208' title='bbox 611 2654 643 2708; x_wconf 91' lang='lat' dir='ltr'>et</span> <span class='ocrx_word' id='word_1_209' title='bbox 674 2645 827 2708; x_wconf 91' lang='lat' dir='ltr'>cultorem</span> <span class='ocrx_word' id='word_1_210' title='bbox 860 2666 950 2708; x_wconf 91' lang='lat' dir='ltr'>suurn</span> <span class='ocrx_word' id='word_1_211' title='bbox 983 2647 1149 2708; x_wconf 84' lang='lat' dir='ltr'>uIndicent.</span> <span class='ocrx_word' id='word_1_212' title='bbox 1203 2656 1278 2708; x_wconf 91' lang='lat' dir='ltr'>tunc</span> <span class='ocrx_word' id='word_1_213' title='bbox 1310 2645 1464 2707; x_wconf 89' lang='lat' dir='ltr'>Homerus</span> <span class='ocrx_word' id='word_1_214' title='bbox 1490 2647 1516 2700; x_wconf 91' lang='lat' dir='ltr'>et</span> 
     </span>
     <span class='ocr_line' id='line_1_24' title="bbox 306 2747 1517 2834; baseline -0.009 -18"><span class='ocrx_word' id='word_1_215' title='bbox 306 2751 466 2832; x_wconf 86' lang='lat' dir='ltr'>Vergilius</span> <span class='ocrx_word' id='word_1_216' title='bbox 495 2763 562 2814; x_wconf 90' lang='lat' dir='ltr'>tam</span> <span class='ocrx_word' id='word_1_217' title='bbox 594 2752 676 2815; x_wconf 91' lang='lat' dir='ltr'>bene</span> <span class='ocrx_word' id='word_1_218' title='bbox 707 2753 748 2814; x_wconf 94' lang='lat' dir='ltr'>de</span> <span class='ocrx_word' id='word_1_219' title='bbox 777 2752 918 2816; x_wconf 88' lang='lat' dir='ltr'>humano</span> <span class='ocrx_word' id='word_1_220' title='bbox 951 2774 1067 2834; x_wconf 86' lang='lat' dir='ltr'>genere</span> <span class='ocrx_word' id='word_1_221' title='bbox 1099 2753 1216 2828; x_wconf 89' lang='lat' dir='ltr'>meriti,</span> <span class='ocrx_word' id='word_1_222' title='bbox 1249 2772 1344 2832; x_wconf 87' lang='lat' dir='ltr'>quam</span> <span class='ocrx_word' id='word_1_223' title='bbox 1376 2759 1408 2812; x_wconf 91' lang='lat' dir='ltr'>tu</span> <span class='ocrx_word' id='word_1_224' title='bbox 1435 2747 1517 2810; x_wconf 91' lang='lat' dir='ltr'>etde</span> 
     </span>
     <span class='ocr_line' id='line_1_25' title="bbox 307 2853 1518 2941; baseline -0.007 -21"><span class='ocrx_word' id='word_1_225' title='bbox 307 2858 454 2920; x_wconf 93' lang='lat' dir='ltr'>omnibus</span> <span class='ocrx_word' id='word_1_226' title='bbox 478 2867 509 2920; x_wconf 93' lang='lat' dir='ltr'>et</span> <span class='ocrx_word' id='word_1_227' title='bbox 534 2861 575 2920; x_wconf 91' lang='lat' dir='ltr'>de</span> <span class='ocrx_word' id='word_1_228' title='bbox 598 2858 655 2921; x_wconf 90' lang='lat' dir='ltr'>illis</span> <span class='ocrx_word' id='word_1_229' title='bbox 678 2853 825 2935; x_wconf 74' lang='lat' dir='ltr'>meruisti,</span> <span class='ocrx_word' id='word_1_230' title='bbox 849 2880 930 2940; x_wconf 93' lang='lat' dir='ltr'>quos</span> <span class='ocrx_word' id='word_1_231' title='bbox 946 2858 1085 2941; x_wconf 90' lang='lat' dir='ltr'>pluribus</span> <span class='ocrx_word' id='word_1_232' title='bbox 1101 2868 1196 2921; x_wconf 93' lang='lat' dir='ltr'>notos</span> <span class='ocrx_word' id='word_1_233' title='bbox 1212 2879 1283 2920; x_wconf 90' lang='lat' dir='ltr'>esse</span> <span class='ocrx_word' id='word_1_234' title='bbox 1299 2856 1422 2920; x_wconf 91' lang='lat' dir='ltr'>uoluisti</span> <span class='ocrx_word' id='word_1_235' title='bbox 1437 2873 1518 2935; x_wconf 88' lang='lat' dir='ltr'>quam</span> 
     </span>
     <span class='ocr_line' id='line_1_26' title="bbox 307 2965 1518 3047; baseline -0.006 -19"><span class='ocrx_word' id='word_1_236' title='bbox 307 2968 504 3047; x_wconf 88' lang='lat' dir='ltr'>scripserant,</span> <span class='ocrx_word' id='word_1_237' title='bbox 529 2965 664 3028; x_wconf 90' lang='lat' dir='ltr'>multum</span> <span class='ocrx_word' id='word_1_238' title='bbox 688 2973 794 3026; x_wconf 91' lang='lat' dir='ltr'>tecum</span> <span class='ocrx_word' id='word_1_239' title='bbox 819 2975 989 3028; x_wconf 90' lang='lat' dir='ltr'>morentur.</span> <span class='ocrx_word' id='word_1_240' title='bbox 1035 2975 1138 3028; x_wconf 87' lang='lat' dir='ltr'>tutum</span> <span class='ocrx_word' id='word_1_241' title='bbox 1159 2967 1190 3027; x_wconf 94' lang='lat' dir='ltr'>id</span> <span class='ocrx_word' id='word_1_242' title='bbox 1214 2966 1272 3028; x_wconf 90' lang='lat' dir='ltr'>erit</span> <span class='ocrx_word' id='word_1_243' title='bbox 1288 2985 1386 3026; x_wconf 90' lang='lat' dir='ltr'>omne</span> <span class='ocrx_word' id='word_1_244' title='bbox 1401 2971 1518 3043; x_wconf 76' lang='lat' dir='ltr'>tempus</span> 
     </span>
     <span class='ocr_line' id='line_1_27' title="bbox 267 3071 1519 3152; baseline -0.006 -18"><span class='ocrx_word' id='word_1_245' title='bbox 267 3090 293 3129; x_wconf 74' lang='lat'>²⁵</span> <span class='ocrx_word' id='word_1_246' title='bbox 308 3073 393 3152; x_wconf 93' lang='lat' dir='ltr'>quod</span> <span class='ocrx_word' id='word_1_247' title='bbox 426 3072 484 3134; x_wconf 91' lang='lat' dir='ltr'>illis</span> <span class='ocrx_word' id='word_1_248' title='bbox 511 3073 665 3133; x_wconf 92' lang='lat' dir='ltr'>tuendum</span> <span class='ocrx_word' id='word_1_249' title='bbox 695 3073 896 3134; x_wconf 88' lang='lat' dir='ltr'>commiseris.</span> <span class='ocrx_word' id='word_1_250' title='bbox 942 3081 1018 3134; x_wconf 90' lang='lat' dir='ltr'>tunc</span> <span class='ocrx_word' id='word_1_251' title='bbox 1042 3071 1184 3134; x_wconf 87' lang='lat' dir='ltr'>Caesaris</span> <span class='ocrx_word' id='word_1_252' title='bbox 1207 3073 1253 3133; x_wconf 92' lang='lat' dir='ltr'>tui</span> <span class='ocrx_word' id='word_1_253' title='bbox 1277 3091 1391 3152; x_wconf 85' lang='lat' dir='ltr'>opera,</span> <span class='ocrx_word' id='word_1_254' title='bbox 1421 3077 1454 3130; x_wconf 93' lang='lat' dir='ltr'>ut</span> <span class='ocrx_word' id='word_1_255' title='bbox 1472 3084 1519 3148; x_wconf 91' lang='lat' dir='ltr'>per</span> 
     </span>
     <span class='ocr_line' id='line_1_28' title="bbox 309 3166 1520 3266; baseline -0.006 -26"><span class='ocrx_word' id='word_1_256' title='bbox 309 3179 416 3240; x_wconf 91' lang='lat' dir='ltr'>omnia</span> <span class='ocrx_word' id='word_1_257' title='bbox 454 3178 579 3266; x_wconf 84' lang='lat' dir='ltr'>saecula</span> <span class='ocrx_word' id='word_1_258' title='bbox 618 3178 795 3240; x_wconf 91' lang='lat' dir='ltr'>domestico</span> <span class='ocrx_word' id='word_1_259' title='bbox 827 3166 991 3242; x_wconf 82' lang='lat' dir='ltr'>narrentur</span> <span class='ocrx_word' id='word_1_260' title='bbox 1022 3180 1209 3260; x_wconf 90' lang='lat' dir='ltr'>praeconio,</span> <span class='ocrx_word' id='word_1_261' title='bbox 1248 3187 1403 3258; x_wconf 89' lang='lat' dir='ltr'>quantum</span> <span class='ocrx_word' id='word_1_262' title='bbox 1432 3182 1520 3255; x_wconf 75' lang='lat' dir='ltr'>potes</span> 
     </span>
     <span class='ocr_line' id='line_1_29' title="bbox 309 3284 1520 3366; baseline -0.005 -20"><span class='ocrx_word' id='word_1_263' title='bbox 309 3305 463 3366; x_wconf 91' lang='lat' dir='ltr'>conpone.</span> <span class='ocrx_word' id='word_1_264' title='bbox 510 3305 583 3346; x_wconf 89' lang='lat' dir='ltr'>nam</span> <span class='ocrx_word' id='word_1_265' title='bbox 614 3285 681 3366; x_wconf 93' lang='lat' dir='ltr'>ipse</span> <span class='ocrx_word' id='word_1_266' title='bbox 704 3284 761 3346; x_wconf 91' lang='lat' dir='ltr'>tibi</span> <span class='ocrx_word' id='word_1_267' title='bbox 784 3286 905 3365; x_wconf 85' lang='lat' dir='ltr'>optime</span> <span class='ocrx_word' id='word_1_268' title='bbox 928 3284 1085 3347; x_wconf 82' lang='lat' dir='ltr'>formandi</span> <span class='ocrx_word' id='word_1_269' title='bbox 1109 3285 1333 3364; x_wconf 89' lang='lat' dir='ltr'>condendique</span> <span class='ocrx_word' id='word_1_270' title='bbox 1356 3303 1406 3345; x_wconf 89' lang='lat' dir='ltr'>res</span> <span class='ocrx_word' id='word_1_271' title='bbox 1429 3287 1520 3363; x_wconf 83' lang='lat' dir='ltr'>gestas</span> 
     </span>
     <span class='ocr_line' id='line_1_30' title="bbox 310 3390 1544 3473; baseline -0.002 -22"><span class='ocrx_word' id='word_1_272' title='bbox 310 3399 341 3451; x_wconf 93' lang='lat' dir='ltr'>et</span> <span class='ocrx_word' id='word_1_273' title='bbox 372 3392 536 3452; x_wconf 88' lang='lat' dir='ltr'>materiam</span> <span class='ocrx_word' id='word_1_274' title='bbox 569 3390 658 3453; x_wconf 92' lang='lat' dir='ltr'>dabit</span> <span class='ocrx_word' id='word_1_275' title='bbox 688 3399 720 3453; x_wconf 87' lang='lat' dir='ltr'>et</span> <span class='ocrx_word' id='word_1_276' title='bbox 751 3390 945 3473; x_wconf 88' lang='lat' dir='ltr'>exemplum.</span> <span class='ocrx_word' id='word_1_277' title='bbox 993 3394 1063 3472; x_wconf 86' lang='lat'>[27.]</span> <span class='ocrx_word' id='word_1_278' title='bbox 1096 3411 1161 3454; x_wconf 95' lang='lat' dir='ltr'>non</span> <span class='ocrx_word' id='word_1_279' title='bbox 1190 3392 1295 3452; x_wconf 90' lang='lat' dir='ltr'>audeo</span> <span class='ocrx_word' id='word_1_280' title='bbox 1319 3399 1353 3453; x_wconf 90' lang='lat' dir='ltr'>te</span> <span class='ocrx_word' id='word_1_281' title='bbox 1377 3409 1470 3470; x_wconf 92' lang='lat' dir='ltr'>usque</span> <span class='ocrx_word' id='word_1_282' title='bbox 1490 3397 1544 3448; x_wconf 84' lang='lat' dir='ltr'>e03</span> 
     </span>
    </p>
   </div>
   <div class='ocr_carea' id='block_1_5' title="bbox 310 3569 521 3576">
    <p class='ocr_par' dir='ltr' id='par_1_5' title="bbox 310 3569 521 3576">
     <span class='ocr_line' id='line_1_31' title="bbox 310 3569 521 3576; baseline 0.005 -1"><span class='ocrx_word' id='word_1_283' title='bbox 310 3569 521 3576; x_wconf 74' lang='lat'>—-——-.</span> 
     </span>
    </p>
   </div>
   <div class='ocr_carea' id='block_1_6' title="bbox 263 3666 1523 4358">
    <p class='ocr_par' dir='ltr' id='par_1_6' title="bbox 263 3666 1523 4358">
     <span class='ocr_line' id='line_1_32' title="bbox 313 3666 1522 3741; baseline -0.003 -19"><span class='ocrx_word' id='word_1_284' title='bbox 313 3671 325 3722; x_wconf 88' lang='lat' dir='ltr'>l</span> <span class='ocrx_word' id='word_1_285' title='bbox 352 3672 399 3720; x_wconf 92' lang='lat' dir='ltr'>illis</span> <span class='ocrx_word' id='word_1_286' title='bbox 417 3669 443 3722; x_wconf 82' lang='lat'>1)</span> <span class='ocrx_word' id='word_1_287' title='bbox 538 3689 583 3722; x_wconf 89' lang='lat' dir='ltr'>nec</span> <span class='ocrx_word' id='word_1_288' title='bbox 601 3674 731 3723; x_wconf 88' lang='lat' dir='ltr'>subsistere</span> <span class='ocrx_word' id='word_1_289' title='bbox 750 3671 836 3741; x_wconf 81' lang='lat' dir='ltr'>Neap.</span> <span class='ocrx_word' id='word_1_290' title='bbox 858 3675 1002 3726; x_wconf 88' lang='lat' dir='ltr'>7subsistere</span> <span class='ocrx_word' id='word_1_291' title='bbox 1021 3671 1048 3726; x_wconf 90' lang='lat' dir='ltr'><em>B</em></span> <span class='ocrx_word' id='word_1_292' title='bbox 1065 3674 1195 3724; x_wconf 87' lang='lat' dir='ltr'>subsistere</span> <span class='ocrx_word' id='word_1_293' title='bbox 1213 3669 1268 3725; x_wconf 77' lang='grc' dir='ltr'><em>ΒΕ</em></span> <span class='ocrx_word' id='word_1_294' title='bbox 1363 3687 1433 3721; x_wconf 89' lang='lat' dir='ltr'>suum</span> <span class='ocrx_word' id='word_1_295' title='bbox 1450 3666 1522 3735; x_wconf 74' lang='lat' dir='ltr'>Neup.</span> 
     </span>
     <span class='ocr_line' id='line_1_33' title="bbox 263 3752 1522 3822; baseline 0.002 -14"><span class='ocrx_word' id='word_1_296' title='bbox 263 3752 268 3762; x_wconf 86' lang='lat'>&#39;</span> <span class='ocrx_word' id='word_1_297' title='bbox 312 3777 355 3809; x_wconf 85' lang='lat' dir='ltr'>sua</span> <span class='ocrx_word' id='word_1_298' title='bbox 374 3759 400 3812; x_wconf 91' lang='lat' dir='ltr'><em>B</em></span> <span class='ocrx_word' id='word_1_299' title='bbox 418 3761 453 3808; x_wconf 93' lang='lat' dir='ltr'>sui</span> <span class='ocrx_word' id='word_1_300' title='bbox 475 3757 559 3812; x_wconf 85' lang='lat' dir='ltr'>Dsuo</span> <span class='ocrx_word' id='word_1_301' title='bbox 579 3759 606 3814; x_wconf 86' lang='grc' dir='ltr'><em>Ε</em></span> <span class='ocrx_word' id='word_1_302' title='bbox 693 3760 709 3814; x_wconf 88' lang='lat'><strong>3</strong></span> <span class='ocrx_word' id='word_1_303' title='bbox 729 3762 824 3810; x_wconf 84' lang='lat' dir='ltr'>astudia</span> <span class='ocrx_word' id='word_1_304' title='bbox 844 3763 870 3814; x_wconf 90' lang='grc' dir='ltr'><em>Β</em></span> <span class='ocrx_word' id='word_1_305' title='bbox 959 3761 974 3814; x_wconf 83' lang='grc'>5</span> <span class='ocrx_word' id='word_1_306' title='bbox 995 3763 1070 3811; x_wconf 89' lang='lat' dir='ltr'>debes</span> <span class='ocrx_word' id='word_1_307' title='bbox 1088 3759 1131 3816; x_wconf 70' lang='lat' dir='ltr'>E*</span> <span class='ocrx_word' id='word_1_308' title='bbox 1149 3761 1242 3810; x_wconf 83' lang='lat' dir='ltr'>debeas</span> <span class='ocrx_word' id='word_1_309' title='bbox 1263 3757 1344 3814; x_wconf 77' lang='grc' dir='ltr'>ΒΕΕ</span> <span class='ocrx_word' id='word_1_310' title='bbox 1433 3757 1522 3822; x_wconf 69' lang='lat' dir='ltr'>§prae</span> 
     </span>
     <span class='ocr_line' id='line_1_34' title="bbox 312 3841 1523 3915; baseline -0.002 -17"><span class='ocrx_word' id='word_1_311' title='bbox 312 3850 378 3898; x_wconf 86' lang='lat' dir='ltr'>dices</span> <span class='ocrx_word' id='word_1_312' title='bbox 397 3850 506 3898; x_wconf 85' lang='lat' dir='ltr'>cariores</span> <span class='ocrx_word' id='word_1_313' title='bbox 524 3851 571 3899; x_wconf 87' lang='lat' dir='ltr'>sint</span> <span class='ocrx_word' id='word_1_314' title='bbox 590 3851 626 3900; x_wconf 79' lang='lat' dir='ltr'>fas</span> <span class='ocrx_word' id='word_1_315' title='bbox 646 3849 673 3902; x_wconf 93' lang='grc' dir='ltr'><em>Ε</em></span> <span class='ocrx_word' id='word_1_316' title='bbox 760 3851 776 3903; x_wconf 85' lang='grc'>7</span> <span class='ocrx_word' id='word_1_317' title='bbox 796 3868 848 3902; x_wconf 84' lang='lat' dir='ltr'>esse</span> <span class='ocrx_word' id='word_1_318' title='bbox 866 3848 894 3903; x_wconf 97' lang='grc' dir='ltr'><em>Ε</em></span> <span class='ocrx_word' id='word_1_319' title='bbox 981 3850 997 3904; x_wconf 84' lang='grc'>8</span> <span class='ocrx_word' id='word_1_320' title='bbox 1022 3858 1076 3902; x_wconf 89' lang='lat' dir='ltr'>sunt</span> <span class='ocrx_word' id='word_1_321' title='bbox 1094 3852 1156 3900; x_wconf 92' lang='lat' dir='ltr'>nihil</span> <span class='ocrx_word' id='word_1_322' title='bbox 1174 3848 1203 3903; x_wconf 92' lang='grc' dir='ltr'><em>Ε</em></span> <span class='ocrx_word' id='word_1_323' title='bbox 1292 3849 1325 3902; x_wconf 87' lang='grc'>10</span> <span class='ocrx_word' id='word_1_324' title='bbox 1351 3851 1409 3915; x_wconf 85' lang='lat' dir='ltr'>quia</span> <span class='ocrx_word' id='word_1_325' title='bbox 1428 3841 1523 3911; x_wconf 79' lang='lat' dir='ltr'>longell</span> 
     </span>
     <span class='ocr_line' id='line_1_35' title="bbox 402 3934 1451 4002; baseline 0.001 -14"><span class='ocrx_word' id='word_1_326' title='bbox 402 3937 433 3990; x_wconf 84' lang='lat'>12</span> <span class='ocrx_word' id='word_1_327' title='bbox 460 3939 578 4002; x_wconf 87' lang='lat' dir='ltr'>permittit</span> <span class='ocrx_word' id='word_1_328' title='bbox 596 3937 624 3991; x_wconf 98' lang='grc' dir='ltr'><em>Ε</em></span> <span class='ocrx_word' id='word_1_329' title='bbox 730 3939 762 3992; x_wconf 88' lang='grc'>13</span> <span class='ocrx_word' id='word_1_330' title='bbox 788 3941 880 3988; x_wconf 88' lang='lat' dir='ltr'>firmius</span> <span class='ocrx_word' id='word_1_331' title='bbox 901 3938 925 3992; x_wconf 91' lang='lat' dir='ltr'><em>B</em></span> <span class='ocrx_word' id='word_1_332' title='bbox 945 3942 1041 3990; x_wconf 86' lang='lat' dir='ltr'>firmum</span> <span class='ocrx_word' id='word_1_333' title='bbox 1060 3938 1112 3994; x_wconf 87' lang='lat' dir='ltr'>DE</span> <span class='ocrx_word' id='word_1_334' title='bbox 1219 3939 1252 3992; x_wconf 76' lang='lat'>15</span> <span class='ocrx_word' id='word_1_335' title='bbox 1278 3938 1407 3988; x_wconf 74' lang='lat' dir='ltr'>nunitnnm</span> <span class='ocrx_word' id='word_1_336' title='bbox 1424 3934 1451 3989; x_wconf 90' lang='lat' dir='ltr'><em>B</em></span> 
     </span>
     <span class='ocr_line' id='line_1_36' title="bbox 312 4023 1521 4080; baseline -0.002 -8"><span class='ocrx_word' id='word_1_337' title='bbox 312 4027 441 4076; x_wconf 87' lang='lat' dir='ltr'>intueberis</span> <span class='ocrx_word' id='word_1_338' title='bbox 460 4025 558 4078; x_wconf 78' lang='lat' dir='ltr'>omittit</span> <span class='ocrx_word' id='word_1_339' title='bbox 576 4025 603 4080; x_wconf 87' lang='grc' dir='ltr'><em>Ε</em></span> <span class='ocrx_word' id='word_1_340' title='bbox 698 4027 729 4079; x_wconf 85' lang='grc'>16</span> <span class='ocrx_word' id='word_1_341' title='bbox 754 4028 797 4077; x_wconf 82' lang='lat' dir='ltr'>illa</span> <span class='ocrx_word' id='word_1_342' title='bbox 815 4030 874 4078; x_wconf 88' lang='lat' dir='ltr'>adte</span> <span class='ocrx_word' id='word_1_343' title='bbox 892 4030 1014 4078; x_wconf 83' lang='lat' dir='ltr'>inuenient</span> <span class='ocrx_word' id='word_1_344' title='bbox 1034 4027 1059 4080; x_wconf 90' lang='lat' dir='ltr'><em>B</em></span> <span class='ocrx_word' id='word_1_345' title='bbox 1079 4035 1101 4078; x_wconf 89' lang='lat' dir='ltr'>te</span> <span class='ocrx_word' id='word_1_346' title='bbox 1120 4025 1288 4080; x_wconf 84' lang='lat' dir='ltr'>inuenientD</span> <span class='ocrx_word' id='word_1_347' title='bbox 1389 4025 1423 4079; x_wconf 71' lang='lat'>17</span> <span class='ocrx_word' id='word_1_348' title='bbox 1446 4023 1521 4073; x_wconf 88' lang='lat' dir='ltr'>sollitu-</span> 
     </span>
     <span class='ocr_line' id='line_1_37' title="bbox 313 4111 1521 4185; baseline 0.004 -24"><span class='ocrx_word' id='word_1_349' title='bbox 313 4114 364 4162; x_wconf 91' lang='lat' dir='ltr'>dini</span> <span class='ocrx_word' id='word_1_350' title='bbox 382 4112 408 4167; x_wconf 87' lang='lat' dir='ltr'><em>D</em></span> <span class='ocrx_word' id='word_1_351' title='bbox 426 4114 576 4178; x_wconf 78' lang='lat' dir='ltr'>solicitudini</span> <span class='ocrx_word' id='word_1_352' title='bbox 595 4111 623 4166; x_wconf 94' lang='grc' dir='ltr'><em>Ε</em></span> <span class='ocrx_word' id='word_1_353' title='bbox 711 4113 744 4167; x_wconf 85' lang='grc'>18</span> <span class='ocrx_word' id='word_1_354' title='bbox 767 4117 860 4180; x_wconf 87' lang='lat' dir='ltr'>Inrepet</span> <span class='ocrx_word' id='word_1_355' title='bbox 877 4114 960 4185; x_wconf 71' lang='lat' dir='ltr'>uulpo</span> <span class='ocrx_word' id='word_1_356' title='bbox 979 4117 1065 4181; x_wconf 83' lang='lat' dir='ltr'>Inrepit</span> <span class='ocrx_word' id='word_1_357' title='bbox 1087 4114 1137 4168; x_wconf 80' lang='grc' dir='ltr'><em>ΒΕ</em></span> <span class='ocrx_word' id='word_1_358' title='bbox 1156 4118 1254 4180; x_wconf 83' lang='lat' dir='ltr'>lmrepit</span> <span class='ocrx_word' id='word_1_359' title='bbox 1273 4113 1301 4168; x_wconf 91' lang='grc' dir='ltr'><em>Ε</em></span> <span class='ocrx_word' id='word_1_360' title='bbox 1390 4113 1423 4166; x_wconf 86' lang='grc'>19</span> <span class='ocrx_word' id='word_1_361' title='bbox 1446 4111 1521 4160; x_wconf 73' lang='lat' dir='ltr'>nullum</span> 
     </span>
     <span class='ocr_line' id='line_1_38' title="bbox 314 4194 1521 4266; baseline -0.001 -17"><span class='ocrx_word' id='word_1_362' title='bbox 314 4207 407 4266; x_wconf 85' lang='lat' dir='ltr'>tempus</span> <span class='ocrx_word' id='word_1_363' title='bbox 421 4199 474 4254; x_wconf 78' lang='lat' dir='ltr'>DE</span> <span class='ocrx_word' id='word_1_364' title='bbox 548 4217 637 4251; x_wconf 85' lang='lat' dir='ltr'>uacare</span> <span class='ocrx_word' id='word_1_365' title='bbox 649 4201 743 4256; x_wconf 72' lang='lat' dir='ltr'>omittit</span> <span class='ocrx_word' id='word_1_366' title='bbox 757 4201 784 4254; x_wconf 89' lang='grc' dir='ltr'><em>Ε</em></span> <span class='ocrx_word' id='word_1_367' title='bbox 857 4203 891 4256; x_wconf 80' lang='lat'>20</span> <span class='ocrx_word' id='word_1_368' title='bbox 904 4203 1018 4256; x_wconf 81' lang='lat' dir='ltr'>actamB</span> <span class='ocrx_word' id='word_1_369' title='bbox 1096 4202 1232 4256; x_wconf 82' lang='lat' dir='ltr'>fidenterE</span> <span class='ocrx_word' id='word_1_370' title='bbox 1310 4203 1342 4256; x_wconf 85' lang='lat' dir='ltr'>2l</span> <span class='ocrx_word' id='word_1_371' title='bbox 1358 4194 1521 4253; x_wconf 81' lang='lat' dir='ltr'>elcultoremB</span> 
     </span>
     <span class='ocr_line' id='line_1_39' title="bbox 314 4289 1520 4358; baseline -0.002 -21"><span class='ocrx_word' id='word_1_372' title='bbox 314 4290 336 4337; x_wconf 88' lang='lat' dir='ltr'>ei</span> <span class='ocrx_word' id='word_1_373' title='bbox 354 4291 472 4339; x_wconf 87' lang='lat' dir='ltr'>cultorem</span> <span class='ocrx_word' id='word_1_374' title='bbox 488 4289 514 4342; x_wconf 82' lang='lat' dir='ltr'>J)</span> <span class='ocrx_word' id='word_1_375' title='bbox 604 4289 637 4342; x_wconf 80' lang='lat'>22</span> <span class='ocrx_word' id='word_1_376' title='bbox 657 4307 730 4354; x_wconf 84' lang='lat' dir='ltr'>quam</span> <span class='ocrx_word' id='word_1_377' title='bbox 749 4303 773 4342; x_wconf 88' lang='lat' dir='ltr'>tu</span> <span class='ocrx_word' id='word_1_378' title='bbox 790 4299 813 4342; x_wconf 90' lang='lat' dir='ltr'>et</span> <span class='ocrx_word' id='word_1_379' title='bbox 833 4295 864 4342; x_wconf 89' lang='lat' dir='ltr'>de</span> <span class='ocrx_word' id='word_1_380' title='bbox 882 4294 996 4343; x_wconf 91' lang='lat' dir='ltr'>omnibus</span> <span class='ocrx_word' id='word_1_381' title='bbox 1014 4291 1042 4346; x_wconf 72' lang='lat' dir='ltr'>lt</span> <span class='ocrx_word' id='word_1_382' title='bbox 1057 4310 1131 4358; x_wconf 86' lang='lat' dir='ltr'>quarn</span> <span class='ocrx_word' id='word_1_383' title='bbox 1151 4306 1173 4343; x_wconf 86' lang='lat' dir='ltr'>et</span> <span class='ocrx_word' id='word_1_384' title='bbox 1192 4295 1224 4342; x_wconf 89' lang='lat' dir='ltr'>de</span> <span class='ocrx_word' id='word_1_385' title='bbox 1242 4293 1359 4342; x_wconf 87' lang='lat' dir='ltr'>omnibus</span> <span class='ocrx_word' id='word_1_386' title='bbox 1380 4291 1406 4346; x_wconf 90' lang='lat' dir='ltr'><em>B</em></span> <span class='ocrx_word' id='word_1_387' title='bbox 1422 4296 1520 4356; x_wconf 86' lang='lat' dir='ltr'>quantun</span> 
     </span>
    </p>
   </div>
   <div class='ocr_carea' id='block_1_7' title="bbox 314 4375 1518 4530">
    <p class='ocr_par' dir='ltr' id='par_1_7' title="bbox 314 4375 1518 4530">
     <span class='ocr_line' id='line_1_40' title="bbox 314 4375 1518 4450; baseline 0.014 -25"><span class='ocrx_word' id='word_1_388' title='bbox 314 4383 336 4426; x_wconf 86' lang='lat' dir='ltr'>et</span> <span class='ocrx_word' id='word_1_389' title='bbox 355 4378 386 4426; x_wconf 91' lang='lat' dir='ltr'>de</span> <span class='ocrx_word' id='word_1_390' title='bbox 405 4379 519 4428; x_wconf 88' lang='lat' dir='ltr'>omnibus</span> <span class='ocrx_word' id='word_1_391' title='bbox 539 4375 566 4430; x_wconf 88' lang='grc' dir='ltr'><em>Ε</em></span> <span class='ocrx_word' id='word_1_392' title='bbox 659 4377 692 4430; x_wconf 81' lang='grc'>24</span> <span class='ocrx_word' id='word_1_393' title='bbox 717 4381 762 4429; x_wconf 86' lang='lat' dir='ltr'>erit</span> <span class='ocrx_word' id='word_1_394' title='bbox 783 4378 834 4433; x_wconf 78' lang='lat' dir='ltr'>DE</span> <span class='ocrx_word' id='word_1_395' title='bbox 851 4380 937 4450; x_wconf 81' lang='lat' dir='ltr'>Neap.</span> <span class='ocrx_word' id='word_1_396' title='bbox 959 4379 1040 4436; x_wconf 81' lang='lat' dir='ltr'>Gertz</span> <span class='ocrx_word' id='word_1_397' title='bbox 1060 4385 1108 4432; x_wconf 84' lang='lat' dir='ltr'>exit</span> <span class='ocrx_word' id='word_1_398' title='bbox 1126 4381 1153 4433; x_wconf 88' lang='lat' dir='ltr'><em>B</em></span> <span class='ocrx_word' id='word_1_399' title='bbox 1249 4380 1283 4434; x_wconf 82' lang='lat'>28</span> <span class='ocrx_word' id='word_1_400' title='bbox 1309 4398 1385 4446; x_wconf 79' lang='lat' dir='ltr'>usque</span> <span class='ocrx_word' id='word_1_401' title='bbox 1402 4397 1430 4430; x_wconf 78' lang='lat' dir='ltr'>e0</span> <span class='ocrx_word' id='word_1_402' title='bbox 1450 4376 1518 4442; x_wconf 60' lang='lat' dir='ltr'>Neal’·</span> 
     </span>
     <span class='ocr_line' id='line_1_41' title="bbox 314 4463 486 4530; baseline 0.041 -18"><span class='ocrx_word' id='word_1_403' title='bbox 314 4481 387 4530; x_wconf 86' lang='lat' dir='ltr'>usque</span> <span class='ocrx_word' id='word_1_404' title='bbox 408 4463 486 4518; x_wconf 75' lang='lat' dir='ltr'>BDE</span> 
     </span>
    </p>
   </div>
   <div class='ocr_carea' id='block_1_8' title="bbox 0 0 1623 5318">
    <p class='ocr_par' dir='ltr' id='par_1_8' title="bbox 0 0 1623 5318">
     <span class='ocr_line' id='line_1_42' title="bbox 0 0 1623 5318; baseline 0 0"><span class='ocrx_word' id='word_1_405' title='bbox 0 0 1623 5318; x_wconf 95' lang='lat' dir='ltr'> </span> 
     </span>
    </p>
   </div>
  </div>
 </body>
</html>
