3212 5326
454 347 533 392 orne.
550 345 586 388 ιν.
611 347 652 388 os
666 345 718 388 tan
733 345 787 388 cta.
803 345 832 390 11.
849 352 868 390 r.
883 351 903 390 2.
1261 353 1301 414 57

97 494 256 574 indignatus
288 502 345 568 est,
378 493 547 570 damnauit,
578 493 750 558 ulciscitur:
784 494 864 560 haec
894 515 958 558 non
986 504 1119 578 possunt
1141 493 1216 570 fieri,
1248 497 1305 560 nisi

98 601 200 663 animus
223 599 267 662 eis
291 600 405 682 quibus
427 601 617 682 tangebatur
639 603 791 666 adsensus
814 609 872 665 est.

72 725 81 776 1
170 706 205 769 II.
252 705 413 789 Quorsus,
448 708 563 790 inquis,
602 708 681 771 haec
719 709 862 791 quaestio
894 709 1046 790 pertinet?
1099 717 1132 770 ut
1169 709 1304 772 sciamus

96 813 157 896 quid
178 814 215 878 sit
238 815 292 877 ira.
338 834 412 896 nam
436 816 461 878 si
483 816 585 878 inuitis
608 815 701 878 nobis
724 813 869 891 nascitur,
900 834 1070 896 numquam
1101 816 1212 878 rationi
1236 835 1303 878 suc-

96 919 214 982 cumbet.
261 939 374 984 omnes
412 923 495 984 enim
535 931 641 986 motus
680 923 732 1004 qui
770 941 833 984 non
872 919 1034 984 uoluntate
1072 932 1181 985 nostra
1200 965 1202 970 -
1218 922 1331 998 fiuntb

95 1026 182 1088 inuicti
205 1035 238 1090 et
261 1027 453 1091 ineuitabiles
477 1037 558 1104 sunt,
581 1037 615 1092 ut
638 1028 751 1092 horror
774 1026 886 1108 frigida
901 1029 1067 1110 adspersis,
1091 1028 1131 1090 ad
1147 1029 1304 1112 quosdam

95 1138 180 1194 tactus
203 1135 391 1218 aspernatio,
435 1136 478 1198 ad
501 1136 625 1218 peiores
648 1137 773 1198 nuntios
788 1134 990 1216 subriguntur
1012 1135 1063 1218 pili
1088 1145 1120 1198 et
1143 1135 1240 1198 rubor
1263 1137 1304 1199 ad

95 1238 211 1322 inproba
233 1238 333 1302 uerba
356 1241 542 1306 suffunditur
571 1241 772 1323 sequiturque
795 1241 919 1322 uertigo
949 1251 1118 1323 praerupta
1142 1244 1304 1306 cernentis.

95 1365 211 1426 quorum
235 1347 309 1428 quia
331 1345 404 1410 nihil
435 1349 466 1411 in
494 1357 602 1412 nostra
631 1356 791 1432 potestate
814 1356 878 1423 est,
909 1347 992 1410 nulla
1015 1369 1079 1430 quo
1103 1350 1204 1412 minus
1227 1347 1304 1412 fiant

70 1453 159 1518 anno
187 1455 367 1534 persuadet.
416 1455 461 1534 ira
490 1455 667 1538 praeceptis
698 1453 832 1536 fugatur.
886 1463 934 1516 est
973 1455 1056 1516 enim
1094 1455 1304 1519 uoluntarium
1322 1470 1344 1510 ¹0

95 1559 173 1621 animi
195 1559 314 1633 uitium,
337 1578 401 1620 non
425 1577 476 1620 ex⁴
490 1556 546 1632 his,
570 1577 651 1638 quae
668 1556 854 1619 condicione
869 1557 1007 1637 quadam
1032 1555 1188 1621 humanae
1212 1559 1304 1620 sortis

95 1666 224 1726 eueniunt
255 1665 393 1746 ideoque
433 1664 528 1726 etiam
561 1663 795 1747 sapientissimis
834 1663 989 1726 accidunt.
1035 1663 1115 1727 inter
1153 1685 1234 1746 quae
1273 1672 1305 1727 et

95 1770 196 1850 primus
218 1770 269 1834 ille
292 1771 370 1834 ictus
394 1771 488 1834 animi
518 1771 684 1853 ponendus
707 1778 774 1844 est,
798 1770 850 1851 qui
873 1788 932 1832 nos
955 1777 1029 1850 post
1053 1770 1237 1852 opinionem
1260 1772 1303 1834 in-

71 1876 172 1944 3iuriae
196 1886 313 1940 mouet.
360 1876 410 1940 hic
441 1877 523 1938 subit
552 1877 647 1939 etiam
671 1877 750 1938 inter
774 1873 893 1938 ludicra
915 1867 1048 1938 scaena'e
1071 1876 1250 1959 spectacula
1274 1887 1306 1940 et

95 1981 228 2046 lectiones
258 2004 362 2048 rerum
394 1991 597 2046 uetustarum.
647 2002 743 2064 saepe
775 1981 889 2046 Clodio
915 1981 1101 2046 Ciceronem
1135 1984 1306 2067 expellenti
1323 2001 1345 2042 u

95 2097 120 2150 et
139 2087 278 2154 Antonio
303 2091 460 2153 occidenti
484 2091 627 2152 uidemur
650 2090 747 2152 irasci.
793 2089 862 2171 quls
884 2109 949 2150 non
973 2098 1083 2152 contra
1106 2089 1187 2153 Mari
1210 2111 1305 2165 arma,

95 2205 190 2258 contra
220 2195 326 2260 Sullae
356 2198 619 2280 proscriptionem
651 2197 845 2259 concitatur?
884 2197 952 2277 quis
983 2215 1047 2258 non
1077 2195 1249 2260 Theodoto
1274 2207 1306 2260 et

95 2300 223 2367 Achillae
260 2312 293 2366 et
331 2304 388 2386 ipsi
425 2323 526 2385 puero
556 2323 622 2364 non
660 2301 777 2385 puerile
815 2322 893 2364 auso
924 2301 1041 2365 lacinus
1068 2302 1198 2366 infestus
1237 2309 1305 2367 est?

69 2417 190 2471 leantus
211 2430 270 2473 nos
301 2429 539 2492 nonnumquam
569 2418 600 2472 et
629 2410 723 2472 citata
754 2408 929 2472 modulatio
960 2411 1088 2492 instigat
1112 2409 1306 2494 Martiusque

95 2513 136 2576 ille
157 2515 299 2599 tubarum
323 2536 426 2593 sonus,
456 2524 565 2580 mouet
581 2524 704 2579 mentes
720 2523 752 2578 et
768 2524 862 2579 atrox
878 2517 998 2597 pictura
1015 2524 1047 2578 et
1067 2517 1306 2580 iustissimorum
1320 2540 1346 2581 to

70 2631 81 2683 5
96 2621 301 2702 suppliciorum
316 2623 412 2685 tristis
427 2623 604 2705 adspectus
651 2621 724 2683 inde
748 2629 805 2696 est,
828 2624 916 2704 quod
937 2605 1117 2686 adridemus
1134 2624 1306 2698 ridentibus

96 2733 123 2786 et
149 2730 307 2792 contristat
339 2749 398 2790 nos
426 2728 520 2793 turba
549 2729 756 2791 maerentium
787 2738 819 2790 et
858 2728 1087 2791 efferuescimus
1126 2731 1168 2792 ad
1206 2730 1307 2794 aliena
1377 2813 1380 2819 Ι

96 2836 272 2910 certamina;
299 2856 381 2918 quae
404 2856 467 2898 non
483 2845 555 2898 sunt
579 2837 651 2909 irae,
674 2856 739 2897 non
763 2837 864 2916 magis
880 2856 974 2917 quam
998 2836 1121 2898 tristitia
1145 2844 1202 2911 est,
1225 2855 1307 2918 quae

97 2939 131 3000 ad
164 2950 366 3025 conspectum
405 2942 520 3005 mimici
558 2940 709 3022 naufragii
740 2941 899 3004 contrahit
924 2941 1069 3018 frontem,
1109 2960 1173 3004 non
1206 2942 1306 3022 magis

97 3065 178 3126 quam
213 3049 316 3121 timor,
355 3049 408 3130 qui
438 3046 617 3110 Hannibale
649 3056 722 3130 post
746 3047 870 3110 Cannas
902 3049 1029 3110 moenia
1068 3048 1307 3110 circumsidente
1321 3071 1346 3113 rs

97 3149 205 3216 lectoris
228 3155 380 3235 percurrit
403 3155 549 3216 animum.
596 3154 653 3215 sed
678 3154 785 3216 omnia
815 3155 874 3216 ista
898 3162 1004 3216 motus
1034 3162 1106 3215 sunt
1130 3155 1307 3217 animorum

98 3260 201 3323 moueri
217 3259 391 3322 nolentium
407 3280 465 3322 nec
487 3258 640 3334 adiectus,
663 3261 720 3322 sed
736 3260 886 3342 principia
908 3259 1107 3340 proludentia
1122 3258 1308 3323 adfectibus,

70 3362 133 3426 tsic
150 3366 227 3428 enim
251 3365 391 3428 militaris
414 3366 468 3429 uiri
491 3366 521 3428 in
547 3366 652 3428 media
675 3385 754 3448 pace
777 3366 839 3428 iam
862 3367 965 3446 togati
981 3385 1071 3432 aures
1087 3365 1164 3428 tuba
1179 3368 1308 3429 suscitat

99 3603 155 3660 2eis
172 3608 333 3666 deteriores:
355 3611 405 3662 eius
495 3629 604 3662 assensus
624 3611 723 3682 (prima
742 3629 754 3660 s
773 3627 787 3664 e
806 3611 891 3676 corr.)
982 3610 998 3664 6
1017 3597 1153 3662 ἷειιίῑαῦἰὶεε
1173 3611 1309 3682 (prima'e

99 3697 167 3766 corr.)
263 3701 343 3766 aspsis
448 3701 464 3753 'i
490 3695 546 3752 tact’
567 3717 582 3753 e
607 3715 688 3768 corr„
716 3698 827 3753 uidetur
858 3702 931 3750 tactis
956 3698 1045 3768 fuisse
1157 3703 1189 3752 ad
1217 3703 1308 3767 peioris

184 3789 257 3838 robur
277 3795 360 3852 (corr.
380 3787 408 3841 in
426 3789 515 3855 rubor)
608 3789 640 3841 15
660 3789 759 3839 claudio
779 3789 815 3853 (in
835 3788 903 3855 rae.)
1000 3788 1099 3838 ciceror'i
1118 3789 1190 3859 (post
1208 3807 1224 3839 n
1243 3805 1309 3857 ras„

100 3869 122 3922 iu
136 3891 216 3948 marq.
236 3893 270 3928 m.
290 3870 388 3929 4··c⁰.
405 3875 530 3954 cicerone)
559 3945 564 3956 .
608 3878 734 3927 excellenti
754 3879 778 3943 (c
796 3873 824 3929 in
842 3895 859 3943 p
879 3877 962 3943 corr.)
1042 3877 1074 3930 16
1094 3879 1166 3927 marii
1185 3877 1223 3942 (iu
1242 3877 1319 3945 ras.)

102 3994 127 4047 ll
143 3999 191 4049 sllle
210 3999 248 4066 (in
266 4001 334 4064 ras).
421 4002 453 4054 18
472 3955 733 4072 ¹alcllllllpls(scqoroscr.
754 4017 787 4056 m.
807 4001 873 4069 rec.)
961 3999 994 4052 20
1013 4017 1093 4060 sonus,
1114 4000 1206 4070 mouet]
1227 4000 1309 4054 inter·

99 4087 254 4150 punctionem
274 4089 398 4143 correxit
417 4086 540 4159 Maduip,
559 4087 725 4160 uulqabatur
743 4107 815 4140 sonus
834 4097 917 4142 mouet
1019 4089 1051 4141 21
1073 4073 1203 4156 adspectus

103 4170 149 4224 inde
164 4183 205 4238 est,
223 4179 289 4243 quod
303 4175 357 4230 Et:
380 4179 441 4229 idest
460 4179 526 4242 quod
544 4176 603 4232 cod.
624 4179 746 4244 iidemque
765 4176 878 4250 Madm'q
951 4173 1066 4228 arridem²
1090 4177 1177 4246 (prior
1195 4194 1206 4225 r
1225 4179 1309 4243 corr.)

179 4261 210 4318 26
229 4267 336 4316 animum
356 4263 495 4320 Muretus:
522 4268 618 4317 animos
708 4265 745 4335 of.
769 4265 849 4337 Verq.
870 4265 935 4320 Aen.
956 4269 984 4329 l,
1006 4269 1056 4318 120
1075 4282 1119 4332 per
1137 4267 1187 4316 ima
1205 4266 1310 4316 cucurrit
1381 4291 1386 4298 ·

105 4363 151 4399 ossa
168 4359 252 4404 tremor
349 4354 382 4408 27
401 4356 536 4406 nolentium
555 4353 625 4420 cod„
644 4352 806 4414 Marcianum
827 4357 959 4406 uolentium
978 4353 1061 4424 sculpo
1157 4351 1189 4407 In
1210 4356 1309 4404 affectus

106 4443 126 4486 et
142 4441 257 4492 affectibus
272 4441 352 4513 prior
371 4445 383 4492 f
398 4459 413 4497 e
431 4458 502 4498 corr.
569 4443 602 4497 28
622 4445 667 4494 uiri
686 4441 769 4513 (corr.
788 4459 822 4498 m,
839 4460 884 4514 pr.
904 4459 942 4497 ex
960 4443 1006 4511 uir)
