3184 5318
314 383 392 426 DIAL.
407 383 444 426 Vl.
473 382 515 424 Au
530 383 673 426 masclam
690 385 728 424 DE
744 384 989 428 CONSOLATIONE.
1020 389 1052 430 la.
1233 394 1290 456 1⁴¹

61 528 250 593 'lcaelestium
291 527 394 592 officia
432 527 621 592 uoluentem.
673 530 793 594 uidebis
831 529 890 592 illic
925 531 1155 596 innumerabilis
1191 531 1296 597 stellas

86 637 200 710 micare,
232 635 356 698 uidebis
386 656 449 698 uno
476 636 579 698 sidere
603 637 710 698 omnia
733 635 850 718 inplere
874 637 991 713 solem,
1022 639 1181 704 cotidiano
1205 661 1296 704 cursu

85 742 132 804 diei
153 743 319 823 noctisque
343 743 445 824 spatia
466 743 653 822 signantem,
681 763 786 806 annuo
810 753 945 806 aestates
968 744 1152 827 hiemesque
1182 767 1294 828 aequa-

84 850 128 911 lius
148 849 353 911 diuidentem.
385 847 507 911 uidebis
530 857 717 912 nocturnam
741 847 832 912 lunae
856 852 1097 926 successionem,
1121 849 1296 916 afraternis

84 938 250 1018 occursibus
274 954 344 1016 lene
367 954 596 1036 remissumque
620 954 725 1018 lumen
750 964 946 1020 mutuantem
965 966 997 1020 et
1012 959 1112 1020 modo
1129 957 1322 1034 occultam,⁵

83 1061 166 1124 modo
190 1069 263 1124 toto
288 1083 344 1124 ore
366 1063 455 1124 terris
478 1062 699 1138 inminentem,
730 1064 961 1126 accessionibus
985 1065 1171 1145 damnisque
1195 1075 1295 1128 muta-

57 1167 181 1242 lbilem,
212 1187 340 1249 semper
370 1169 536 1250 proximae
568 1169 758 1232 dissimilem.
806 1170 927 1232 uidebis
957 1172 1094 1253 quinque
1124 1163 1228 1234 sidera
1249 1171 1295 1233 di-

82 1293 175 1336 uersas
206 1275 334 1353 agentia
366 1275 430 1337 uias
462 1285 494 1338 et
525 1276 555 1338 in
589 1277 779 1339 contrarium
812 1277 972 1359 praecipiti
1004 1280 1124 1341 mundo
1148 1278 1292 1342 nitentia:

81 1401 113 1442 ex
140 1380 257 1443 horum
288 1378 450 1444 leuissimis
481 1383 619 1446 motibus
651 1381 794 1446 fortunae
831 1382 1019 1466 populorum
1051 1385 1234 1466 dependent
1264 1393 1297 1447 et

80 1489 210 1551 maxima
240 1508 278 1550 ac
310 1489 438 1550 minima
460 1489 593 1570 proinde
617 1488 809 1565 formantur,
839 1498 934 1571 prout
956 1510 1092 1572 aequum
1116 1491 1295 1572 iniquumue
1312 1505 1335 1546 ¹⁰

80 1593 152 1656 sidus
189 1594 325 1659 incessit.
372 1594 534 1658 miraberis
572 1594 716 1660 conlecta
755 1596 860 1660 nubila
896 1607 928 1660 et
958 1598 1099 1660 cadentis
1134 1617 1231 1679 aquas
1263 1607 1296 1661 et

55 1699 198 1783 lobliqua
222 1700 352 1764 fulmina
374 1709 407 1764 et
429 1700 506 1764 caeli
529 1700 695 1782 fragorem.
728 1723 798 1765 cum
823 1706 954 1766 satiatus
970 1695 1150 1784 spectaculo
1166 1724 1294 1787 supero·

6 1843 7 1850 .
82 1829 140 1871 rum
180 1811 210 1872 in
250 1817 368 1872 terram
400 1808 510 1872 oculos
540 1801 704 1884 deieceris,
741 1811 877 1890 excipiet
906 1819 939 1873 te
970 1811 1029 1882 alia
1060 1809 1161 1874 forma
1191 1831 1294 1874 rerum

6 1959 7 1968 .
80 1914 219 1997 aliterque
256 1913 419 1979 mirabilis:
458 1915 530 1978 hinc
561 1935 746 1998 camporum
778 1919 807 1980 in
823 1915 990 2010 ‘infinitum
1022 1918 1197 1998 patentium
1228 1916 1296 1980 fusa

6 2005 7 2012 ἵ
80 2021 227 2102 planities,
267 2019 340 2084 hinc
378 2023 533 2084 montium
573 2023 695 2102 magnis
734 2031 765 2084 et
804 2021 956 2086 niualibus
991 2025 1184 2104 surgentium
1216 2024 1295 2104 iugis
1314 2039 1335 2078 ¹⁵

80 2130 164 2190 erecti
198 2129 228 2190 in
260 2127 394 2190 sublime
426 2128 568 2191 uertices.
615 2129 755 2192 deiectus
786 2128 948 2192 fluminum
981 2137 1012 2192 et
1041 2149 1082 2192 ex
1114 2149 1176 2192 uno
1208 2127 1296 2193 fonte

79 2233 104 2294 in
132 2235 332 2298 occidentem
363 2237 580 2316 orientemque
612 2235 713 2298 diffusi
742 2255 852 2298 amnes
876 2245 908 2298 et
931 2239 1061 2300 summis
1085 2236 1297 2300 cacuminibus

80 2359 200 2404 nemora
222 2343 366 2404 nutantia
389 2349 421 2404 et
444 2350 566 2405 tantum
590 2340 737 2405 siluarum
759 2363 831 2406 cum
847 2344 910 2406 suis
926 2341 1112 2406 animalibus
1128 2344 1296 2430 auiumque

53 2445 225 2510 lconcentu
250 2448 387 2510 dissono.
427 2448 501 2510 uarii
526 2449 648 2512 urbium
672 2449 748 2511 situs
772 2457 804 2511 et
826 2449 965 2513 seclusae
988 2449 1131 2514 nationes
1154 2450 1295 2514 locorum

80 2552 259 2629 difficultate,
284 2575 417 2636 quarum
441 2553 518 2618 aliae
534 2575 569 2618 se
584 2557 614 2619 in
631 2565 754 2618 erectos
770 2555 957 2619 subtrahunt
973 2565 1106 2632 montes
1130 2557 1208 2622 aliae
1224 2558 1296 2640 ripis
1310 2570 1336 2612 ²0

79 2660 234 2724 accliuibus
257 2661 396 2743 pauidae
418 2659 713 2726 circumfunduntur.
737 2655 865 2726 ‘adiuta
888 2662 973 2726 cultu
996 2684 1089 2745 seges
1113 2673 1145 2728 et
1169 2663 1297 2728 arbusta

80 2766 137 2828 sine
154 2779 156 2785 '
172 2768 295 2831 cultore
332 2766 449 2831 fertilia.
495 2778 527 2831 et
563 2770 700 2832 riuorum
737 2769 813 2832 lenis
845 2772 926 2833 inter
954 2779 1045 2853 prata
1076 2771 1232 2834 discursus
1264 2781 1296 2835 et

80 2875 193 2938 amoeni
231 2875 318 2937 sinus
358 2883 389 2938 et
427 2875 518 2940 litora
549 2875 579 2938 in
610 2887 738 2958 portum
770 2877 956 2940 recedentia.
1002 2897 1129 2960 sparsae
1160 2886 1210 2940 tot
1240 2898 1296 2960 per

52 2977 191 3044 fiuastum
230 2979 365 3058 insulae,
404 3001 485 3062 quae
522 2983 698 3046 interuentu
734 3003 799 3078 suo.
824 2984 920 3046 maria
951 2984 1153 3066 distinguunt.
1199 2984 1294 3066 quid?

84 3175 90 3225 l
111 3178 241 3228 uoluentem
263 3175 429 3230 deteriores:
451 3178 572 3228 uolentem
668 3178 683 3230 2
703 3180 802 3242 micare,
823 3179 918 3228 uidebis
937 3175 1067 3248 Madur'pz
1089 3180 1171 3229 uidere
1190 3180 1294 3228 micabis

158 3267 250 3332 inplere
269 3266 347 3315 solem
367 3263 463 3318 Gertz:
486 3267 590 3332 impleri,
611 3267 689 3316 solem
786 3266 801 3318 3
821 3267 870 3317 diei
890 3263 1054 3320 deteriores:
1076 3268 1116 3317 die
1206 3283 1294 3332 aequa·

80 3352 121 3402 lius
136 3351 236 3425 Haupt,
257 3351 381 3420 aequalius
399 3355 498 3430 quidem
514 3352 612 3408 Gertz:
633 3356 767 3421 equaliusq;
854 3357 869 3408 b'
890 3361 941 3406 toto
961 3372 1004 3405 ore
1023 3353 1188 3409 deteriorum
1206 3371 1291 3409 uuus:

79 3447 113 3489 tot
128 3459 166 3494 ore
274 3443 308 3496 10
328 3443 463 3494 fonnantur
482 3441 647 3498 deteriores:
669 3446 786 3495 formatur
893 3459 1006 3510 §quamn
1030 3445 1137 3510 iniquum
1157 3461 1186 3495 ue

82 3528 110 3584 11
128 3533 275 3582 miraberis*
384 3532 497 3582 conlecta
517 3529 654 3586 Muretus:
667 3534 772 3583 coiecta
880 3533 990 3583 cadentis
1016 3531 1082 3600 (cad.
1103 3531 1186 3602 corr.)

80 3616 217 3671 f2fulmina
230 3618 397 3676 deteriores:
412 3623 513 3672 flumina
597 3623 721 3688 fragorem
735 3620 833 3692 uulgo:
853 3623 951 3687 fragore
1034 3638 1175 3686 superorum
1191 3620 1291 3693 Netum

80 3715 195 3770 superator
220 3707 281 3763 cod.
308 3726 466 3775 supernorum
492 3706 653 3774 Pincianus,
679 3725 733 3780 quo
757 3708 825 3780 quid
841 3709 1021 3781 proficiatur,
1045 3726 1100 3763 raon
1124 3708 1204 3764 uideo

82 3793 113 3846 13
128 3797 240 3848 deieceris
265 3796 431 3853 deteriores:
453 3800 568 3850 deiecerit
671 3799 751 3849 forma
771 3796 844 3861 cod,
870 3799 931 3853 item
951 3797 1052 3870 Neap,
1076 3797 1177 3853 Veneta
1196 3797 1293 3862 alteru,

83 3879 203 3955 Muretus,
223 3885 350 3957 Luscium
371 3889 475 3951 fortuna,
494 3886 570 3958 quod
580 3885 692 3942 Fickert
712 3891 848 3958 tamquam
861 3903 943 3942 riuum
956 3892 984 3941 et
995 3886 1098 3942 codicis
1110 3893 1136 3942 et
1147 3885 1292 3942 editionum

83 3967 207 4028 lectonam
232 3975 260 4028 tu
287 3980 391 4030 textum
415 3977 530 4048 recepit,
553 3977 672 4047 primum
696 3976 723 4029 iu
748 3974 898 4047 Repentina
922 3977 1028 4036 raucum
1056 3975 1146 4047 decipi
1166 3991 1196 4029 se
1214 3990 1294 4045 passi

84 4103 139 4150 sni
156 4097 254 4163 Haase,
277 4097 399 4172 Madau,
421 4097 502 4154 Gertz
607 4102 639 4154 14
658 4064 812 4167 furnensium
916 4100 948 4154 17
968 4101 1048 4151 arnust
1068 4098 1193 4154 nicaen:
1215 4101 1293 4150 delusi

84 4182 119 4248 (fu
135 4202 215 4260 marg.
235 4205 269 4244 m.
291 4191 305 4240 3
332 4207 360 4239 ex
385 4207 432 4239 uno
458 4191 524 4242 fonte
550 4193 573 4241 in
599 4193 717 4242 orientem
743 4196 766 4240 et
790 4191 944 4241 occidentem
970 4207 1054 4240 amnes
1073 4189 1184 4252 diffundi)

84 4271 116 4322 ‘20
133 4276 185 4342 ripis
204 4271 337 4328 accliuibus
358 4274 448 4331 Koch:
469 4280 528 4344 ripis
547 4280 717 4330 lacu-uallibus
735 4277 795 4332 cort.
816 4281 875 4345 ripis
894 4279 990 4330 lacuum
1010 4279 1165 4343 amniumque
1178 4273 1292 4347 Muduiq

169 4402 249 4452 adiuta
268 4403 333 4452 cultu
351 4419 421 4467 seges
441 4401 540 4473 neap:
569 4405 601 4454 ad
620 4405 670 4454 uita
687 4404 783 4466 fructus
802 4419 872 4468 seges
897 4405 919 4470 (s
932 4407 1000 4473 post
1018 4420 1031 4452 u
1051 4400 1115 4469 del.)
1206 4367 1292 4452 obusta

170 4487 201 4542 22
220 4490 308 4540 fertilia
328 4489 429 4564 Nectar
450 4493 551 4544 feritatis
640 4491 674 4550 24
694 4493 772 4545 maria
792 4489 894 4564 Neupm
915 4493 985 4560 paria
