3184 5318
301 348 362 408 190
590 341 670 384 orni..
680 339 742 384 VIII.
770 340 812 382 AD
827 339 969 380 SERENVM
985 337 1025 380 DE
1039 337 1121 382 OTIO.
1149 341 1170 384 G.
1186 343 1207 382 Τ.
1221 343 1242 382 8.

299 487 494 570 Chrysippus
531 494 564 549 et
594 486 713 549 Zenon.
758 507 824 549 non
860 485 955 548 dubie
989 485 1197 568 respondebis
1227 487 1272 548 sic
1302 467 1371 550 illos
1398 487 1504 563 uiirisse,

298 595 572 677 quemadmodum
598 594 745 656 dixerant
768 614 837 656 esse
861 571 1048 656 uiuendum:
1075 596 1161 674 atqui
1183 613 1280 656 nemo
1303 593 1423 656 illomm
1437 616 1506 658 rem-

199 753 202 760 .
298 699 457 783 publicam
481 701 717 765 administrauit.
773 721 838 762 non
861 699 935 776 luit,
960 701 1082 782 inquis,
1105 698 1163 764 illis
1186 709 1240 764 aut
1263 721 1301 764 ea
1324 701 1444 764 foruna
1463 713 1507 766 aut

299 829 338 872 ea
361 809 507 890 dignitas,
531 828 612 888 quae
638 809 763 870 admitti
787 807 828 869 ad
848 806 1044 889 publicarum
1061 817 1164 870 terum
1189 809 1408 872 tractationem
1430 809 1506 872 solet

260 929 272 968 ⁵
298 918 356 978 sed
379 916 482 978 iidem,
497 913 696 977 nihilominus
719 935 784 976 non
801 923 932 994 segnem
948 931 1043 992 egere
1059 916 1173 978 uitam:
1199 915 1391 990 inuenerunt,
1413 937 1506 996 quem-

298 1024 474 1084 admodum
505 1020 575 1102 plus
606 1023 693 1103 quies
725 1021 847 1084 illorum
879 1019 1059 1084 hominibus
1086 1021 1255 1102 prodesset
1277 1042 1373 1103 quarn
1393 1022 1508 1084 aliorum

298 1130 456 1191 discursus
487 1137 519 1190 et
549 1129 654 1191 sudor.
701 1147 779 1216 ergo
804 1126 1013 1190 nihilominus
1026 1127 1059 1190 hi
1082 1127 1216 1192 multum
1240 1129 1343 1209 egisse
1367 1130 1420 1192 uisi
1440 1138 1507 1202 sunt,

298 1236 442 1320 quamuis
465 1235 539 1314 nihil
562 1234 687 1319 publice
710 1244 848 1316 agerent.

387 1342 455 1406 VII.
496 1343 663 1405 Praeterea
695 1345 755 1405 tria
785 1362 903 1422 genera
934 1350 1006 1404 sunt
1037 1343 1135 1418 uitae,
1166 1343 1247 1406 inter
1269 1363 1352 1423 quae
1374 1345 1456 1424 quod
1476 1345 1529 1405 sit]

259 1465 283 1506 n
298 1451 463 1533 optimum,
486 1451 592 1531 quaeri
616 1448 715 1512 solet:
750 1469 847 1512 unum
871 1448 1025 1528 uoluptati
1049 1458 1149 1524 uacat,
1172 1448 1306 1512 alterum
1330 1448 1507 1532 contempla-

297 1559 388 1632 tioni,
418 1558 545 1620 tertium
577 1559 700 1618 actioni.
747 1559 884 1638 primum
913 1555 1060 1636 deposita
1087 1557 1293 1618 contentione
1315 1557 1508 1637 depositoque

296 1666 382 1739 odiu,
405 1666 493 1745 quod
516 1663 701 1744 inplacabile
724 1663 848 1726 diuersa
870 1663 1074 1744 sequentibus
1090 1662 1266 1739 indiximus,
1291 1664 1456 1739 uideamus
1477 1684 1508 1726 an

296 1761 380 1833 haec'
404 1771 510 1834 omnia
541 1771 582 1833 ad
614 1770 700 1834 idem
731 1770 790 1832 sub
822 1769 883 1832 alio
911 1779 1007 1854 atque
1030 1769 1092 1832 alio
1115 1769 1205 1832 titulo
1228 1773 1420 1852 perueniant.
1461 1791 1508 1832 nec

297 1876 356 1952 ille,
378 1880 431 1959 qui
455 1876 652 1960 uoluptatem
676 1877 801 1959 probat,
824 1878 891 1940 sine
914 1876 1181 1957 contemplatione
1205 1885 1262 1940 est.
1309 1897 1368 1940 nec
1390 1877 1447 1952 ille,
1466 1877 1507 1957 qui

258 1999 283 2039 ¹⁵
297 1984 557 2066 contemplationi
588 1986 745 2060 inseruit,·
761 1985 827 2046 sine
858 1983 1022 2064 uoluptate
1052 1993 1108 2046 est.
1159 2004 1218 2046 nec
1247 1983 1315 2060 ille,
1347 1986 1429 2046 cuius
1456 1985 1508 2044 uita

297 2092 471 2155 actionibus
496 2092 653 2155 destInata
668 2102 725 2166 est,
749 2093 815 2154 sine
831 2090 1099 2172 contemplatione
1115 2102 1163 2154 est
1211 2090 1392 2172 plurimum,
1414 2091 1531 2171 inquis?

297 2201 481 2264 discriminis
504 2209 561 2276 est,
586 2209 689 2262 utrum
713 2198 817 2279 aliqua
831 2178 881 2260 res
896 2199 1095 2280 propositum
1111 2201 1159 2273 sit,
1175 2219 1215 2260 an
1231 2200 1385 2281 propositi
1400 2198 1507 2260 alterius

297 2308 444 2371 accessio,
489 2309 529 2369 sit
561 2327 636 2369 sane
667 2305 788 2388 grande
816 2305 1000 2380 discrimen,
1031 2314 1140 2367 tamen
1170 2305 1304 2368 alterum
1335 2305 1401 2368 sine
1423 2304 1506 2368 altero

297 2433 360 2476 non
385 2423 451 2477 esti
478 2434 537 2477 nec
559 2412 609 2475 ille
632 2414 698 2476 sine
721 2413 844 2474 actione
865 2407 1114 2493 ‚contemplatdn
1137 2433 1196 2474 nec
1218 2412 1269 2474 hic
1291 2413 1358 2476 sine
1382 2418 1506 2474 contern-

256 2533 282 2573 20
297 2520 436 2603 platione
459 2522 532 2602 agit,
557 2539 615 2582 nec
638 2519 688 2582 ille
711 2521 828 2595 tertius,
852 2521 894 2582 de
917 2539 981 2600 quo
1006 2518 1088 2582 male
1103 2520 1286 2582 existimare
1301 2518 1506 2591 consensimus,

296 2629 493 2710 uoluptatem
516 2629 649 2690 inertem
672 2626 804 2708 probat,
827 2628 885 2690 sed
909 2647 994 2700 earn,
1019 2647 1114 2707 quam
1139 2627 1260 2712 ratione
1284 2626 1378 2690 eflicit
1400 2626 1506 2688 firmam

295 2736 361 2799 sibi.
407 2737 451 2801 ita
480 2745 513 2798 et
544 2735 623 2797 haec
653 2735 722 2815 ips'a
752 2733 928 2815 uoluptaria
943 2740 1045 2798 'secta
1074 2735 1105 2798 in
1136 2733 1209 2796 actu
1241 2742 1296 2796 est
1343 2734 1446 2814 quidni
1474 2731 1531 2811 [inl

294 2855 366 2907 actu
400 2840 485 2924 estI‘?
516 2863 588 2905 cum
620 2843 687 2923 ipse
718 2841 803 2904 dicat
832 2841 986 2923 Epicurus
1017 2840 1186 2922 aliquando
1216 2860 1252 2902 se
1283 2857 1507 2903 recessuruma

295 2950 473 3032 uoluptate,
505 2950 650 3012 dolorem
675 2950 770 3012 etiam
795 2949 1024 3029 adpetiturum,
1055 2948 1081 3010 si
1105 2959 1159 3012 aut
1183 2947 1339 3028 uoluptati
1362 2944 1506 3010 inminebit

256 3066 283 3108 ²⁵
297 3058 489 3139 paenitentia
518 3065 573 3122 aut
603 3056 696 3119 dolor
726 3056 829 3118 minor
852 3076 910 3136 pro
934 3055 1080 3136 grauiore
1102 3058 1264 3118 sumetur?
1303 3075 1368 3136 quo
1391 3053 1531 3136 pertinetl

294 3164 375 3227 haec
405 3165 530 3226 dicere?
562 3174 596 3226 ut
627 3172 779 3246 appareat
803 3163 1104 3245 contemplationem
1128 3161 1253 3242 placere
1276 3160 1421 3224 omnibus
1468 3155 1507 3218 alii

295 3278 407 3352 petunt
430 3269 534 3332 illam:
561 3269 653 3332 nobis
676 3269 755 3332 haec
777 3269 882 3344 statio,
905 3289 970 3332 non
992 3278 1103 3349 portus
1126 3277 1182 3332 est.

383 3377 467 3440 VIII.
507 3376 612 3439 Adice
634 3397 718 3438 nunc
743 3376 835 3458 [buci
858 3377 946 3456 quod
970 3397 987 3438 e
1010 3375 1081 3458 lege
1106 3373 1275 3457 Chrysippi
1299 3375 1404 3436 uiuere
1419 3373 1529 3435 otiosol

212 3527 216 3536 .
295 3485 385 3548 licet:
419 3505 484 3547 non
516 3485 605 3560 dico,
636 3491 671 3544 ut
702 3484 801 3546 otium
824 3484 974 3564 patiatur,
997 3481 1054 3544 sed
1078 3491 1112 3544 ut
1135 3480 1238 3562 eligat
1284 3491 1403 3562 negant
1424 3475 1506 3540 nostri

255 3603 280 3642 ³⁰
294 3594 470 3685 sapientem
509 3593 551 3654 ad
588 3589 763 3672 quamlibet
792 3590 1021 3671 rempublicam
1052 3608 1250 3652 accessurum
1262 3615 1269 3664 3
1312 3589 1389 3670 quid
1417 3594 1505 3650 autem

300 3843 313 3894 1
341 3842 432 3896 Zenon.
459 3841 533 3890 dubie
553 3839 592 3906 (in
612 3837 736 3909 margine
754 3855 788 3892 m.
809 3840 823 3888 l
843 3835 954 3891 addidit
970 3838 1031 3904 non)
1120 3837 1182 3891 2τέ
1202 3841 1228 3892 P.
1319 3836 1335 3887 l
1361 3853 1390 3886 ea
1408 3833 1503 3898 dignitas,

295 3945 359 3996 quae
372 3927 449 3983 Koch
470 3930 588 3995 (dignitas
607 3945 644 3990 ea,
664 3943 727 3994 quae
745 3925 854 3996 uulpmz
876 3944 905 3978 ea
924 3928 1032 3992 dignitas
1050 3943 1126 3992 eaque
1215 3925 1231 3977 5
1251 3925 1317 3976 idern
1405 3922 1435 3974 10
1450 3917 1503 3984 queri

396 4019 430 4072 12
449 4035 480 4068 sn
499 4018 562 4068 haec
582 4016 651 4071 den:
674 4018 699 4066 in
718 4017 764 4080 hec
875 4015 911 4076 18,
935 4017 1070 4067 accessio.“
1095 4017 1125 4065 sit
1144 4031 1203 4065 sane
1225 4011 1308 4068 Gertz
1334 4013 1437 4064 accessio
1457 4009 1503 4058 sit.“

298 4110 363 4160 Sane
381 4106 464 4177 00190
571 4106 605 4160 22
630 4107 723 4171 quodni
747 4107 773 4154 iu
792 4111 848 4154 actu
867 4110 903 4158 est
922 4102 981 4159 cod.
1000 4105 1086 4170 quidni
1105 4102 1140 4170 [in
1160 4110 1215 4154 actu
1234 4105 1300 4174 estli
1322 4101 1413 4156 Haase
1434 4095 1502 4163 quidni

296 4199 321 4247 in
346 4207 401 4248 actu
426 4200 475 4247 sit?
503 4193 641 4260 Muretus,
667 4192 718 4248 sed
741 4191 791 4246 illa
814 4193 868 4247 tria
895 4191 981 4248 uerba
1005 4192 1076 4246 male
1094 4191 1208 4262 repetita
1226 4206 1287 4246 esse
1305 4194 1416 4262 apparet
1532 4240 1536 4250 ,

303 4287 336 4340 23
363 4304 418 4337 cum
437 4291 489 4353 ipse
508 4299 578 4338 nnus
597 4283 676 4338 deri:
706 4299 782 4349 quam
801 4285 853 4347 ipse
959 4281 994 4336 26
1018 4285 1066 4333 hec
1173 4278 1207 4334 28
1232 4282 1280 4332 huc
1304 4279 1411 4334 indtm'l
1426 4273 1502 4329 Ham

298 4375 447 4430 secundnm
475 4372 596 4429 Senecae
622 4371 843 4427 consuetudinem
934 4372 967 4425 29
992 4379 1084 4437 negant
1107 4372 1178 4438 (gant
1202 4370 1228 4423 r'n
1248 4385 1318 4438 rna,
1342 4365 1432 4424 deinde
1445 4360 1502 4417 satri

299 4481 398 4534 niaqno
416 4464 524 4532 100000)
