3212 5318
297 321 361 382 280
535 313 676 356 planxit.
707 313 747 354 AD
764 312 915 354 POLYBlVM
934 313 973 354 bu
986 313 1228 355 CONSOLATIONE.
1256 315 1292 360 a„

296 461 426 542 propius
457 461 600 522 intuetur.
658 460 732 541 quid
764 460 870 538 itaque
901 459 965 520 eius
996 460 1152 521 desiderio
1170 433 1341 534 maceror,
1380 460 1431 539 qui
1458 471 1505 522 aut

296 567 407 629 beatus
423 576 477 628 aut
493 565 593 628 nullus
610 570 679 629 est?
710 565 839 628 beatum
866 564 983 626 deflere
1007 565 1120 627 inuidia
1136 574 1193 640 est,
1214 565 1332 628 nullum
1348 568 1505 630 dementia

298 668 373 758 [28.]
405 693 445 734 an
467 672 530 735 hoc
553 682 586 734 te
609 680 734 746 mouet,
766 672 853 752 quod
877 672 1001 734 uidetur
1023 671 1202 752 ingentibus
1226 683 1257 736 et
1282 694 1351 735 cum
1376 675 1532 738 maximel

296 777 487 843 circumfusis
525 778 617 840 bonis
655 779 809 862 caruisse?
856 798 927 839 cum
967 780 1154 858 cogitaueris
1185 779 1285 840 multa
1314 799 1399 853 esse,
1436 799 1506 858 quae

270 909 282 945 s
296 885 449 966 perdidit,
481 885 587 966 cogita
616 883 705 966 plura
735 905 820 958 esse,
852 905 932 964 quae
963 905 1027 945 non
1059 885 1168 947 timet:
1203 906 1267 947 non
1291 886 1335 948 ira
1356 905 1429 946 eum
1450 893 1505 946 tor-

297 991 421 1072 quebit,
452 1013 516 1052 non
548 991 678 1053 morbus
701 990 848 1071 adfliget,
879 1012 942 1053 non
966 992 1101 1072 suspicio
1124 991 1265 1067 lacesset,
1290 1012 1352 1052 non
1376 993 1458 1052 edax
1480 1001 1507 1052 et

204 1122 206 1130 ’
297 1099 420 1160 inimica
443 1118 568 1180 semper
591 1097 695 1159 alienis
718 1097 917 1179 processibus
937 1098 1051 1159 inuidia
1071 1098 1312 1174 consectabitur,
1334 1119 1397 1161 non
1414 1105 1505 1158 metus

297 1204 488 1279 sollicitabit,
519 1225 583 1266 non
614 1205 723 1266 leuitas
754 1204 896 1266 fortunae
920 1205 983 1266 cito
1008 1225 1137 1274 munera
1160 1225 1215 1267 sua
1237 1204 1447 1268 transferentis
1468 1206 1504 1264 in-

299 1312 459 1393 quietabit.
505 1313 530 1402 si
554 1311 636 1372 bene
660 1321 821 1392 conputeS,
847 1311 916 1393 plus
940 1310 980 1372 illi
1003 1311 1167 1372 remissum
1191 1332 1287 1392 quam
1304 1321 1443 1392 ereptum
1458 1318 1505 1370 est.

258 1436 284 1477 ro
298 1440 361 1480 non
385 1418 499 1501 opibus
529 1418 662 1493 fruetur,
694 1439 758 1480 non
789 1427 843 1480 tua
873 1418 964 1479 simul
995 1439 1032 1480 ac
1063 1439 1119 1479 sua
1150 1419 1259 1498 gratia.
1295 1439 1357 1480 non
1388 1417 1532 1498 accipiett

297 1523 457 1600 beneficia,
481 1546 545 1587 non
569 1524 675 1586 dabit:
710 1525 858 1586 miserum
882 1534 984 1606 putas,
1009 1527 1096 1605 quod
1116 1525 1176 1587 ista
1191 1526 1302 1600 amisit,
1326 1546 1364 1585 an
1380 1525 1506 1596 beatum,

297 1632 385 1712 quod
408 1653 472 1694 non
497 1633 674 1694 desiderat?
708 1630 788 1693 ,mihi
811 1632 914 1707 crede,
938 1632 963 1693 is
985 1633 1108 1695 beatior
1129 1642 1186 1707 est,
1210 1632 1258 1693 cui
1274 1632 1398 1694 fortuna
1413 1650 1504 1712 super·

297 1759 397 1800 uacua
420 1750 484 1813 est,
516 1759 611 1819 quam
635 1739 660 1799 is
669 1786 681 1814 ,
708 1737 756 1800 cui
779 1750 890 1819 parata
913 1748 969 1800 est.
1016 1739 1123 1801 omnia
1146 1741 1204 1801 ista
1228 1738 1329 1814 bona,
1357 1758 1436 1819 quae
1457 1756 1506 1796 nos

299 1846 442 1926 speciosa
466 1847 522 1906 sed
546 1844 645 1907 fallaci
668 1844 833 1926 uoluptate
857 1846 1024 1915 delectant.
1048 1848 1188 1928 pecunia,
1212 1847 1356 1924 dignitas
1379 1843 1506 1927 potentia

262 1952 420 2032 italiaque
436 1951 594 2033 conplura,
610 1953 651 2013 ad
668 1971 749 2032 quae
765 1953 888 2030 generis
903 1952 1032 2014 humani
1046 1973 1140 2014 caeca
1152 1953 1307 2033 cupiditas
1318 1935 1505 2032 obstupescit,

298 2079 370 2120 cum
400 2057 509 2120 labore
540 2059 757 2140 possidentur,
788 2079 859 2145 cum
888 2059 1003 2121 inuidia
1027 2059 1274 2141 conspiciuntur,
1305 2079 1361 2120 eos
1384 2056 1505 2135 denique

298 2153 382 2246 ipsos
413 2185 493 2245 quos
522 2173 695 2240 exornant,
726 2173 758 2227 et
785 2175 938 2247 premunt.
986 2165 1056 2246 plus
1080 2166 1240 2228 minantur
1262 2187 1357 2246 quam
1379 2167 1503 2247 prosunt.

297 2269 415 2334 lubrica
447 2280 479 2333 et
509 2273 626 2334 incerta
657 2281 735 2334 sunt.
782 2292 954 2352 numquam
985 2271 1067 2334 bene
1096 2280 1259 2335 tenentur:
1294 2293 1367 2336 nam
1390 2280 1422 2332 ut
1442 2268 1504 2331 nihil

299 2379 339 2439 de
370 2386 516 2461 tempore
547 2377 650 2440 futuro
673 2380 836 2452 timeatur,
868 2380 935 2460 ipsa
958 2387 1066 2440 tamen
1090 2399 1226 2459 magnae
1249 2378 1399 2442 felicitatis
1421 2374 1503 2440 tutela

258 2502 284 2542 2⁰
299 2482 430 2545 sollicita
460 2494 516 2546 est.
562 2485 587 2546 si
620 2484 696 2546 uelis
724 2486 853 2547 credere
876 2485 967 2546 altius
991 2488 1156 2548 ueritatem
1180 2485 1387 2560 intuentibuS,
1416 2479 1528 2545 omnist

300 2591 363 2652 uita
385 2590 570 2672 supplicium
595 2600 661 2653 est:
693 2593 722 2652 in
743 2591 805 2652 hoc
820 2589 1011 2672 profundum
1028 2593 1263 2673 inquietumque
1279 2591 1408 2673 proiecti
1422 2607 1502 2660 mare,

299 2695 423 2780 alternis
453 2697 591 2759 aestibus
622 2697 816 2778 reciprocum
850 2707 881 2759 et
913 2699 1012 2760 modo
1036 2697 1186 2760 adleuans
1210 2720 1270 2761 nos
1292 2699 1400 2761 subitis
1421 2697 1502 2756 incre-

300 2803 421 2878 mentis,
446 2805 546 2864 modo
570 2804 740 2866 maioribus
765 2805 888 2866 damnis
911 2803 1055 2866 deferens
1080 2806 1273 2885 adsidueque
1289 2806 1413 2878 iactam,
1427 2819 1502 2862 num·

299 2929 394 2987 quam
425 2910 529 2971 stabili
560 2911 759 2973 consistimus
789 2909 869 2972 loco.
918 2913 1095 2993 pendemus
1123 2921 1155 2972 et
1179 2911 1366 2974 fluctuamur
1388 2916 1418 2970 et
1439 2905 1503 2968 alter

214 3025 218 3034 '
259 3035 284 3075 25
299 3015 329 3076 in
367 3015 499 3077 alterurn
533 3015 688 3103 inlidimur
720 3026 753 3079 et
784 3016 953 3097 aliquando
984 3016 1179 3098 naufragium
1212 3017 1358 3091 facimus,
1395 3029 1502 3090 semper
1541 3031 1542 3034 ’

299 3121 454 3184 timemus.
501 3122 531 3182 in
555 3121 617 3184 hoc
640 3132 706 3184 tam
722 3123 902 3204 procelloso
918 3131 950 3184 et
966 3125 1007 3185 ad
1024 3144 1135 3186 omnes
1151 3132 1358 3205 tempestates
1374 3116 1527 3200 exposito?

299 3227 376 3287 mari
407 3221 626 3307 nauigantibus
657 3229 756 3291 nullus
788 3238 900 3310 portus
931 3231 987 3290 nisi
1018 3231 1129 3291 mortis
1161 3239 1216 3291 est.
1271 3251 1311 3291 ne
1343 3233 1441 3309 itaque
1466 3223 1500 3282 in·

300 3332 412 3394 uideris
435 3332 520 3394 fratri
543 3340 618 3395 tuo:
653 3337 791 3415 quiescit.
838 3337 967 3397 tandem
992 3336 1084 3410 liber,
1109 3337 1239 3397 tandem
1263 3345 1363 3411 tutus,
1390 3331 1500 3396 tandem

299 3447 444 3500 aeternus
475 3449 530 3501 est.
577 3442 779 3523 superstitem
804 3441 973 3504 Caesarem
998 3462 1191 3523 omnemque
1215 3443 1280 3503 cius
1302 3441 1435 3523 prolem,
1461 3453 1498 3494 su·

259 3547 462 3626 aoperstitcm
494 3555 526 3608 tc
557 3568 629 3608 cum
645 3585 647 3590 -
661 3548 883 3611 communibus
913 3549 1011 3611 habet
1043 3548 1196 3611 fratribus.
1242 3556 1409 3628 antequam
1431 3540 1498 3622 quic-

301 3793 453 3857 lproprius
473 3791 499 3844 Ε
591 3793 770 3845 3uidentibus
789 3797 928 3860 ingentibus
947 3794 974 3848 B
1063 3802 1087 3846 et
1105 3797 1212 3845 maxime
1229 3793 1258 3848 Ε
1345 3791 1448 3848 ‘ibonis
1463 3786 1499 3836 cir·

300 3883 376 3931 cuisse
395 3879 423 3934 Ε
510 3881 698 3947 fisuspitioB
789 3893 835 3934 ret
853 3883 998 3936 inimicaB
1088 3884 1308 3937 lconsecrabitur
1327 3882 1355 3936 E
1438 3877 1498 3930 9¹3¹

298 3975 364 4039 post
380 3977 488 4035 ereptum
507 3968 643 4024 omittitli'
732 3973 763 4025 13
783 3990 832 4022 non
851 3975 963 4038 speciosa
975 3971 1030 4026 ΕΕ
1119 3974 1151 4027 14
1170 3975 1295 4038 uoluptate
1313 3967 1429 4022 fallaciE

302 4058 333 4110 ’15
353 4061 432 4124 adque
445 4058 471 4112 B
562 4061 594 4113 lb
614 4077 656 4110 eos
668 4062 772 4126 denique
791 4063 857 4127 ipsos
870 4060 964 4130 Haupt
982 4063 1129 4127 eosdemque
1148 4064 1214 4128 ipsos
1227 4058 1281 4113 DE
1297 4063 1332 4112 eis
1351 4062 1444 4124 demque
1460 4052 1497 4116 ipis

301 4148 319 4213 (i
332 4147 359 4199 in
372 4145 466 4213 litura)
486 4148 512 4201 B
632 4149 664 4201 21
685 4151 866 4213 improfundum
885 4149 913 4202 Ε
1035 4151 1069 4203 2‘2
1089 4152 1159 4200 altius
1178 4152 1268 4200 estibus
1279 4145 1308 4202 Ἐ
1424 4151 1444 4194 el
1458 4155 1497 4190 ¹¹⁰¹¹

300 4236 406 4285 alleuans
420 4235 447 4290 Ε
534 4237 567 4290 23
587 4237 663 4287 modo
683 4237 817 4291 omittite
907 4239 1003 4289 assidue
1021 4237 1049 4290 Ε
1136 4239 1169 4292 25
1189 4236 1343 4292 alidimurD
1361 4223 1498 4288 illidamurd

388 4323 422 4378 26
441 4343 514 4391 quarn
533 4327 671 4390 procelloso
686 4323 713 4378 Ε
794 4328 825 4375 ad
839 4344 924 4376 omnes
940 4325 1021 4381 Gertz
1034 4331 1058 4378 in
1073 4345 1158 4378 omnes
1173 4325 1255 4380 BDE
1342 4325 1375 4380 29
1389 4326 1494 4375 Caesarem

300 4431 446 4480 omnemque
465 4416 514 4463 eius
534 4415 628 4480 prolem
648 4417 798 4480 superstitem
818 4415 912 4470 omittit
930 4414 957 4468 B
1047 4415 1081 4470 30
1101 4422 1180 4470 tecum
1202 4414 1226 4474 Β
