3184 5318
294 349 355 412 188
614 341 694 386 DlAL.
704 341 765 386 Vlll.
793 345 834 386 AD
849 343 991 386 SERENVM
1006 344 1046 386 DE
1061 341 1143 399 OTIO,
1172 346 1192 386 5.

216 483 217 488 ¹
290 489 397 560 flexili
415 491 559 572 inposuit
606 490 721 554 deinde
751 467 827 554 se'na
858 511 915 574 per
945 491 1046 566 diem,
1079 509 1156 554 sena
1185 511 1242 573 per
1272 497 1398 552 noctem
1420 491 1497 570 signa

289 600 465 682 perducens
496 597 612 662 nullam
644 618 708 660 non
738 607 862 679 partem
892 599 939 660 sui
970 596 1135 679 explicuit,
1165 605 1200 659 ut
1227 617 1284 678 per
1307 595 1400 671 haec,
1428 615 1497 677 quae

290 704 448 788 optulerat
478 703 576 768 oculis
608 705 687 780 eius,
719 705 922 787 cupiditatem
954 703 1070 768 faceret
1101 704 1197 768 etiam
1221 711 1405 766 ceterorum.
1448 720 1522 772 neci

290 813 372 874 enim
397 812 503 874 omnia
526 831 584 874 nec
606 819 694 874 tanta
717 812 845 874 uisimus
867 819 985 893 quanta
1007 819 1088 885 sunt,
1111 810 1169 872 sed
1192 810 1273 874 acies
1291 817 1398 872 nostra
1412 813 1499 892 aperit

263 919 347 982 ssibi
384 918 592 1000 inuestigandi
630 919 713 980 uiam
752 927 784 981 et
822 917 1028 982 fundamenta
1058 938 1136 980 uero
1165 916 1253 991 iacit,
1294 925 1329 977 ut
1358 916 1498 996 inquisitio

289 1035 428 1089 transeat
463 1045 506 1086 ex
540 1026 655 1106 apertis
687 1027 725 1088 in
749 1025 885 1088 obscura
916 1034 948 1087 et
978 1023 1093 1106 aliquid
1124 1027 1194 1106 ipso
1225 1024 1346 1086 mundo
1377 1023 1499 1086 inueniat

289 1132 459 1215 antiquiuS‚
494 1134 579 1194 unde
613 1133 673 1195 ista
703 1133 807 1196 sidera
838 1132 977 1195 exierint.
1023 1121 1090 1214 quis
1122 1131 1213 1192 fuerit
1242 1131 1375 1194 uniuersi
1404 1140 1499 1205 status,

289 1249 459 1321 antequam
482 1238 605 1320 singula
626 1240 657 1301 in
680 1248 785 1321 partes
809 1239 1015 1302 discederent.
1050 1258 1132 1320 quae
1156 1239 1234 1302 ratio
1258 1254 1364 1300 mersa
1386 1247 1416 1300 et
1438 1259 1499 1300 con-

288 1345 356 1408 fusa
379 1346 546 1414 diduxerit.
585 1345 653 1427 quis
676 1346 747 1409 loca
769 1347 864 1410 rebus
886 1345 1105 1427 adsignauerit.
1138 1353 1250 1427 suapte
1273 1353 1384 1407 natura
1407 1345 1501 1425 grauia
1552 1403 1555 1410 .

250 1467 274 1508 ¹⁰
289 1453 530 1528 descenderint,·
555 1453 749 1516 euolauerint
780 1452 872 1528 leuia,
896 1473 935 1515 an
958 1463 1083 1534 praeter
1106 1453 1208 1514 nisum
1230 1435 1419 1534 pondusque
1440 1472 1497 1514 cor-

288 1580 402 1643 porum
426 1559 517 1624 altior
540 1560 643 1642 aliqua
665 1561 712 1622 uis
734 1561 839 1642 legem
863 1559 991 1642 singulis
1014 1560 1138 1624 dixerit
1169 1579 1209 1624 an
1233 1557 1308 1622 illud
1333 1579 1438 1622 uerum
1459 1559 1499 1632 sit,

287 1688 351 1748 quo
388 1667 528 1730 maxime
562 1667 715 1750 probatur
744 1667 889 1730 homines
919 1667 1015 1730 diuini
1046 1687 1115 1730 esse
1146 1644 1304 1748 spirituss
1323 1675 1443 1748 partem
1470 1685 1500 1728 ac
1582 1737 1583 1740 Ἴ

288 1773 382 1836 ueluti
406 1773 553 1838 scintillas
575 1774 730 1855 quasdam
755 1785 912 1838 astrorum
935 1776 966 1836 in
989 1784 1106 1837 terram
1123 1773 1284 1838 desiluisse
1300 1785 1397 1856 atque
1412 1772 1499 1838 alieno

287 1879 360 1944 looo
395 1879 534 1944 haesisse
596 1882 746 1963 cogitatio
781 1892 890 1962 nostra
920 1881 997 1944 caeli
1027 1882 1223 1944 munimenta
1253 1881 1425 1963 perrumpit
1451 1894 1525 1946 nect

250 1996 438 2052 neomenia
461 1989 569 2064 estid,
593 1989 680 2071 quod
697 1989 881 2064 ostenditur,
905 1992 999 2052 scire:
1033 1987 1117 2064 illud,
1140 1991 1401 2069 inquit-scrutor,
1423 1987 1500 2068 quod

287 2094 369 2158 ultra
403 2097 556 2158 mundum
588 2097 684 2170 iacet,
719 2106 867 2160 utrumne
885 2078 1054 2178 ¹profunda
1085 2099 1215 2158 uastitas
1246 2095 1286 2158 sit
1317 2115 1358 2158 an
1388 2105 1419 2159 et
1447 2095 1500 2156 hoc
1582 2138 1583 2142 ,

288 2205 388 2284 ipsum
413 2205 553 2266 terminis
577 2204 639 2266 suis
662 2203 814 2266 cludatur.
862 2203 960 2285 qualis
984 2206 1024 2266 sit
1046 2202 1173 2265 habitus
1196 2201 1348 2278 exclusis,
1371 2200 1499 2264 informia

288 2317 319 2370 et
343 2309 473 2372 confusa
495 2310 572 2385 sint,
603 2311 633 2372 in
657 2331 786 2374 omnem
810 2320 934 2393 partem
958 2311 1146 2376 tantundem
1171 2309 1230 2372 loci
1253 2311 1439 2392 optinenda,
1466 2329 1498 2370 an

288 2424 319 2477 et
350 2415 400 2478 illa
423 2419 453 2478 in
476 2415 612 2498 aliquem
636 2416 756 2481 cultum
780 2419 937 2500 descripta
960 2420 1029 2481 sint.
1075 2417 1146 2479 huic
1169 2416 1362 2478 cohaereant
1385 2415 1499 2486 mundo,

247 2537 273 2578 m
288 2542 326 2584 an
350 2522 446 2603 longe
470 2522 510 2586 ab
530 2515 596 2586 hoc
619 2526 804 2588 secesserint
827 2533 859 2588 et
882 2525 913 2585 in
929 2544 1031 2586 uacuo
1048 2522 1238 2589 uolutentur.
1269 2523 1427 2586 indiuidua
1440 2524 1498 2592 sint,
1582 2597 1583 2600 Ἴ

287 2650 344 2711 per
366 2650 447 2710 quae
470 2633 599 2694 struitur
621 2651 717 2694 omne
740 2633 829 2713 quod
852 2640 960 2694 natum
984 2630 1185 2711 futurumque
1209 2639 1273 2703 est,
1305 2651 1345 2691 an
1369 2632 1500 2692 continua

287 2757 398 2801 eorum
431 2738 563 2800 materia
585 2739 625 2802 sit
648 2747 679 2801 et
704 2759 760 2821 per
783 2748 889 2803 totum
913 2737 1079 2802 mutabilis,
1126 2748 1231 2800 utrum
1255 2739 1410 2800 contraria
1431 2738 1499 2798 inter

286 2864 321 2906 se
344 2842 502 2906 elementa
524 2847 593 2919 sint,
616 2865 657 2906 an
681 2866 744 2906 non
768 2828 919 2927 pugnent,
942 2846 999 2908 sed
1022 2865 1079 2926 per
1102 2843 1225 2907 diuersa
1248 2845 1435 2926 conspirent.
1466 2841 1526 2909 adi

285 2950 365 3012 haec
388 2952 568 3032 quaerenda
591 2943 691 3027 natus,
715 2953 862 3028 aestima,
886 2973 981 3034 quam
1006 2972 1071 3013 non
1095 2950 1228 3014 multum
1254 2951 1408 3032 acceperit
1430 2959 1498 3012 tem·
1582 2999 1583 3002 ,

246 3071 272 3112 ²5
286 3059 379 3138 poris
404 3059 526 3120 etiamsi
549 3058 624 3120 illud
647 3069 753 3124 totum
777 3061 835 3122 sibi
858 3060 1002 3135 uindicat,
1026 3060 1075 3121 cui
1090 3056 1165 3120 licet
1179 3056 1252 3120 nihil
1268 3057 1413 3121 facilitate
1428 3058 1500 3138 eripi,

286 3163 360 3228 nihil
398 3163 598 3246 neglegentia
632 3167 771 3247 patiatur
801 3167 966 3241 excidere,
1003 3164 1076 3230 licet
1107 3165 1200 3227 horas
1231 3185 1304 3228 suas
1336 3165 1499 3227 auarissime

287 3379 499 3386 m-

287 3520 303 3572 2
328 3521 463 3584 perducens
483 3517 544 3592 oljm
563 3535 650 3576 corn:
672 3521 805 3584 perducent
911 3519 928 3571 4
952 3495 1062 3568 sedaeies
1171 3519 1186 3569 u
1206 3495 1301 3582 exapii⁵
1409 3518 1499 3566 inueniat
1582 3534 1583 3537 ¹

287 3607 383 3678 uulgo:
410 3610 537 3659 inueniant
681 3609 697 3660 7
722 3610 786 3658 unde
810 3611 856 3658 ista
880 3609 960 3658 sidera
986 3610 1086 3659 exierint
1111 3606 1170 3664 cod.
1191 3623 1278 3676 neque
1303 3612 1345 3660 esf
1368 3623 1416 3660 cur
1433 3607 1498 3655 sidera

287 3695 421 3750 abiciatur
545 3696 562 3750 8
587 3699 738 3748 discederent
764 3713 835 3750 unus
861 3695 1040 3750 deteriorum:
1067 3698 1243 3747 descenderent
1380 3697 1411 3748 10
1433 3697 1497 3745 nisum

287 3782 451 3838 deteriores:
474 3787 529 3837 uisu
611 3787 641 3839 13
666 3786 785 3836 asirorum
805 3784 928 3856 Lipsius:
950 3803 1074 3836 sacrorum
1172 3785 1297 3834 desiluisse
1317 3783 1345 3838 E
1351 3789 1374 3836 l:
1395 3785 1497 3846 resiluisse

379 3927 410 3979 15
430 3879 490 3994 inqll
581 3927 613 3980 16
633 3929 694 3978 ultra
713 3925 802 3981 hesct'o
821 3928 897 3996 quis:
918 3929 981 3977 intra
1074 3927 1105 3980 l'i
1125 3929 1240 3977 informia
1260 3926 1330 3984 det:
1351 3931 1440 3980 iforma

288 4017 320 4069 *18
338 4019 394 4083 sint,
415 4018 438 4065 in
458 4013 588 4083 Muduiqz
610 4019 664 4066 sint.
682 4018 751 4066 anin
843 4016 874 4068 ‘19
895 4022 1009 4066 coereant
1099 4016 1133 4069 20
1153 4022 1176 4066 et
1189 4019 1213 4092 in
1226 4033 1305 4067 uacuo
1318 4016 1415 4087 uufqo:
1435 4022 1456 4066 et
1466 4015 1500 4062 hic.

286 4109 310 4156 in
329 4123 408 4156 uacuo
427 4104 487 4161 cori.
508 4104 534 4156 iu
554 4104 650 4174 quibus
670 4105 733 4158 uide
751 4122 785 4158 nu
804 4104 887 4160 lateat
906 4112 928 4156 et
947 4108 1022 4156 sicin
1036 4123 1123 4172 uacuo,
1143 4103 1369 4175 quemadmodum
1383 4102 1496 4158 Horatius

287 4201 312 4246 ei
331 4196 388 4264 ipse
409 4193 514 4248 Seneca
534 4195 654 4263 tropicus
674 4192 747 4248 dixit
765 4197 799 4244 sic
820 4205 909 4244 temere
1006 4195 1038 4246 21
1058 4211 1125 4260 pque
1221 4194 1254 4246 ‘23
1274 4202 1382 4260 pugnent
1400 4191 1495 4246 deterio-

288 4300 346 4336 res:
369 4291 460 4348 pugnet
568 4283 601 4336 25
629 4284 688 4333 illud
708 4285 735 4350 (d
755 4286 838 4351 corr.)
949 4285 1015 4333 cuius
1034 4284 1090 4333 licet
1111 4281 1234 4353 Maduip,
1257 4283 1309 4338 sud
1325 4299 1374 4337 cur·
1393 4280 1494 4335 datiuum

288 4373 374 4425 minus
400 4371 466 4426 bene
489 4373 654 4443 couiuuqere
679 4371 759 4426 liceat
785 4388 843 4426 cum
868 4372 959 4427 uerbis
984 4375 1044 4438 eripi
1070 4377 1095 4426 ct
1114 4375 1240 4436 excidere,
1263 4389 1346 4443 quam
1361 4369 1493 4442 qenetiuuu

288 4477 348 4515 cum
367 4476 434 4514 uoce
453 4462 522 4530 nihil,
541 4477 595 4514 uon
615 4461 696 4515 uideo
786 4461 820 4516 26
840 4463 982 4514 auarissime
1000 4459 1064 4516 olim
1083 4466 1252 4514 correctum:
1274 4463 1421 4512 amarissime
