3212 5318
303 291 383 336 nina.
394 291 422 334 x.
450 291 716 336 iuraveruvuuu
732 292 900 334 suavrrura
916 292 1013 336 vrrnu.
1044 293 1063 337 r.
1079 295 1099 336 a.
1248 297 1311 358 229

11 399 13 508 i
96 441 163 502 istos
195 437 366 518 effugiam?
406 437 546 518 diripitur
576 437 625 501 iile
655 446 729 502 toto
760 436 830 500 foro
860 445 1013 518 patronus
1040 445 1072 500 ct
1096 457 1213 518 magno
1237 457 1311 500 con-

11 510 13 614 i
96 565 179 608 cursu
203 545 313 608 omnia
336 543 432 620 ultra,
449 533 557 625 'quam
580 543 678 607 audiri
703 552 826 624 potest,
850 543 997 626 conplet:
1031 544 1176 624 quand0,
1207 543 1313 624 inquit,

96 672 139 714 res
168 634 388 734 proferentur?
427 650 629 737 ¹praecipitat
659 654 790 732 quisquc
822 651 919 712 uitam
950 669 1040 712 suam
1072 658 1103 711 et
1134 645 1226 712 suturi
1258 650 1310 711 de-

12 767 13 828 i
69 757 203 826 isiderio
228 756 362 832 laborat,
386 758 596 839 praesentium
620 757 735 820 taedio.
782 766 814 820 at
838 755 887 818 ille
907 758 959 838 qui
975 754 1092 818 nullum
1109 775 1172 820 non
1188 765 1313 838 tempus

12 853 13 926 i
94 867 119 926 in
142 883 216 926 usus
240 883 316 926 suos
339 862 470 960 coniert,
492 866 545 943 qui
570 883 681 926 omnes
705 864 773 925 dics
796 871 960 944 tamquam
984 862 1081 926 uitam
1102 863 1236 936 ordinat,
1256 881 1340 924 neca

12 991 14 1047 1
95 981 178 1054 optat
211 971 381 1034 crastinum
413 989 473 1032 nec
503 970 603 1034 timet.
647 971 721 1052 quid
750 972 834 1032 enim
859 979 923 1045 est,
955 971 1042 1052 quod
1066 969 1128 1032 iam
1153 967 1214 1032 ulla
1236 967 1315 1032 hora

13 1057 14 1138 i
94 1097 189 1140 nouae
214 1074 386 1159 uoluptatis
409 1076 509 1158 possit
532 1073 674 1139 adferre?
704 1077 918 1150 ommonem,
942 1078 1049 1140 omnia
1071 1077 1114 1140 ad
1136 1078 1313 1139 satietatem

94 1192 239 1265 percepta
263 1191 343 1246 sunt.
381 1181 422 1246 de
446 1191 552 1246 cetero
577 1181 641 1246 fors
666 1181 799 1256 sortuna,
824 1191 857 1244 ut
881 1181 976 1257 uolet,
1000 1182 1138 1248 ordinet:
1166 1184 1230 1244 uita
1253 1182 1314 1244 iam

13 1311 14 1372 }
94 1293 213 1352 intuto
237 1297 295 1354 est.
342 1287 414 1352 huic
436 1289 518 1354 adici
541 1297 658 1368 potest,
682 1289 804 1352 detrahi
828 1289 917 1365 nihil,
949 1299 982 1352 et
1004 1289 1084 1352 adici
1115 1289 1172 1363 sic,
1204 1308 1312 1369 quem·

94 1397 266 1460 admodum
289 1405 396 1458 saturo
419 1397 481 1458 iam
506 1415 544 1458 ac
566 1394 661 1476 pleno
684 1395 800 1477 aliquid
825 1397 902 1459 cibi:
929 1395 1015 1478 quod
1032 1415 1090 1458 nec
1107 1395 1265 1458 desiderat
1282 1403 1313 1455 et
1331 1411 1353 1451 u

59 1517 80 1568 iu
94 1503 178 1584 capit.
226 1521 293 1564 non
325 1510 372 1564 est
402 1502 509 1582 itaque
540 1501 626 1583 quod
655 1489 848 1584 quemquam
873 1511 1004 1585 propter
1026 1522 1122 1566 canos
1145 1511 1199 1564 aut
1221 1519 1314 1580 rugas

14 1651 15 1698 3
94 1619 179 1690 putes
212 1609 266 1672 diu
296 1609 433 1674 uixisse:
471 1608 546 1690 [non
568 1607 621 1672 ilie
645 1611 698 1671 diu
721 1610 815 1685 uixit,
846 1609 913 1690 sed]
939 1608 990 1672 diu
1013 1607 1077 1670 fuit.
1123 1609 1198 1690 quid
1222 1607 1314 1682 enim,

94 1717 113 1778 si
142 1715 229 1778 iilum
260 1714 394 1778 muitum
417 1723 509 1796 putes
532 1717 715 1796 nauigasse,
745 1736 841 1798 quem
864 1735 960 1780 saeua
983 1725 1156 1797 tempestas
1179 1736 1198 1776 a
1221 1721 1314 1796 portu
1350 1779 1351 1784 ,

94 1831 262 1905 exceptum
286 1821 348 1884 huc
371 1831 403 1884 et
425 1819 496 1884 illuc
519 1820 587 1884 tulit
611 1841 648 1884 ac
671 1821 790 1884 uicibus
814 1832 980 1884 uentorum
1004 1842 1046 1882 ex
1070 1821 1195 1885 diuerso
1213 1819 1313 1882 suren-

94 1930 164 1991 tium
189 1949 248 2010 per
272 1927 386 1992 eadem
410 1927 512 2009 spatia
535 1927 565 1992 In
589 1928 702 1992 orbem
726 1928 811 2008 egit?
835 1948 899 1991 non
923 1927 973 1990 ille
997 1928 1130 1992 multum
1147 1927 1313 2008 nauigauit,
1331 1945 1354 1985 u

94 2037 143 2098 sed
167 2033 304 2098 multum
328 2035 460 2098 iactatus
484 2043 542 2098 est.

72 2153 78 2204 1
177 2140 256 2204 VIII
311 2139 417 2204 Mirari
448 2140 553 2216 soleo,
586 2161 658 2204 cum
690 2143 783 2204 uideo
814 2142 935 2224 aliquos
966 2149 1092 2222 tempus
1115 2149 1260 2223 petentes
1284 2148 1315 2201 et

95 2269 154 2325 eos,
177 2249 232 2330 qui
256 2256 416 2328 rogantur,
441 2245 621 2310 facillimos:
648 2247 722 2310 illud
747 2256 879 2328 uterque
902 2256 1041 2328 spectat,
1072 2247 1315 2329 propterquod

96 2364 216 2437 tempus
251 2353 384 2436 petitum
416 2361 479 2428 est,
511 2356 612 2435 ipsum
644 2354 772 2434 quidem
804 2363 922 2418 neuter.
968 2355 1056 2436 quasi
1087 2352 1162 2416 nihil
1192 2355 1315 2436 petitur,

96 2463 178 2542 quasi
209 2458 286 2524 nihil
318 2460 418 2522 datur.
464 2481 497 2522 re
528 2461 668 2524 omnium
693 2461 918 2542 pretiosissima
941 2460 1064 2524 luditur.
1110 2459 1186 2522 saliit
1209 2467 1316 2523 autem
1330 2477 1356 2520 ro

96 2567 167 2643 illos,
191 2567 266 2648 quia
289 2586 338 2628 res
362 2565 564 2648 incorporalis
587 2576 644 2644 est,
667 2567 740 2648 quia
762 2566 822 2630 sub
846 2567 955 2629 oculos
979 2587 1043 2630 non
1064 2561 1156 2642 uenit,
1180 2566 1317 2649 ideoque
1344 2581 1345 2586 ’

70 2673 240 2736 tuilissima
262 2673 455 2748 aestimatur,
479 2673 577 2736 immo
600 2693 701 2755 paene
725 2673 843 2738 nulium
868 2675 931 2736 eius
956 2675 1091 2756 pretium
1115 2683 1170 2736 est.
1213 2692 1318 2734 annua

97 2800 129 2842 ac
158 2779 320 2861 congiaria
349 2778 494 2842 homines
527 2779 683 2844 carissime
707 2780 862 2862 accipiunt
885 2789 917 2841 et
941 2779 997 2842 illis
1020 2789 1074 2842 aut
1097 2778 1239 2842 laborem
1263 2787 1317 2841 aut

97 2906 223 2970 operam
262 2895 316 2948 aut
354 2885 547 2967 diligentiam
586 2906 676 2948 suam
712 2885 836 2949 locant:
879 2906 974 2948 nemo
1005 2887 1150 2948 aestimat
1181 2895 1316 2968 temous

98 3001 222 3056 utuntur
253 2991 305 3056 illo
337 2992 442 3056 laxius
468 2995 558 3074 quasi
588 2994 733 3074 gratuito,
780 3003 813 3054 at
844 2992 975 3056 eosdem
1007 3012 1120 3074 aegros
1144 2992 1267 3067 uideas,
1291 2992 1316 3054 si
1331 3011 1356 3050 u

98 3101 203 3162 mortis
234 3097 406 3182 periculum
438 3100 566 3182 propius
598 3109 646 3162 est
674 3100 858 3174 admotum,
889 3097 1083 3161 medicorum
1115 3118 1219 3180 genua
1248 3105 1315 3162 tan-

97 3216 237 3286 gentes‚·
259 3207 284 3268 si
316 3214 461 3269 metuunt
491 3206 624 3288 capitale
654 3205 857 3288 supplicium,
896 3207 1003 3268 omnia
1033 3211 1104 3286 sua,
1137 3216 1170 3267 ut
1202 3205 1317 3279 uiuant,
1426 3239 1427 3246 1

70 3320 221 3394 3pmatos
253 3314 443 3396 inpendere:
469 3321 558 3377 tanta
582 3312 692 3376 inillis
716 3313 874 3376 discordia
896 3311 1078 3383 adfectuum
1102 3321 1158 3374 est.
1203 3311 1318 3393 quodsi

102 3594 253 3662 ldiripitur]
273 3591 311 3662 cf.
332 3592 546 3657 darmatas
620 3595 763 3660 2complet
853 3548 941 3662 inquieti
1028 3573 1187 3658 itumquam
1207 3593 1318 3643 ultimam

100 3683 193 3733 ordinat
216 3681 356 3738 Bentleius
381 3681 456 3752 apud
480 3681 629 3752 Hauptium
656 3680 724 3753 Opp.
745 3681 783 3736 II.
808 3698 835 3752 p.
857 3684 926 3750 2683
948 3680 999 3736 red
1021 3679 1085 3735 uide
1109 3697 1169 3753 epp.
1191 3683 1238 3744 61,
1260 3685 1269 3733 1
1292 3682 1318 3730 id

101 3787 147 3836 ago
171 3778 195 3822 ut
215 3773 283 3822 mihi
307 3773 382 3822 instar
407 3773 479 3822 totius
504 3773 568 3822 uitae
592 3773 644 3822 dies
669 3773 699 3822 sit
813 3789 858 3822 nec
879 3771 1038 3840 (niterer.)
1148 3771 1163 3824 6
1188 3771 1237 3822 ulla
1255 3771 1318 3820 hora

101 3857 176 3913 dett:
201 3861 269 3912 nullia
287 3862 352 3911 hora
459 3860 494 3913 10
520 3869 543 3911 et
562 3863 628 3926 capit
646 3859 777 3930 Madut'q:
799 3863 865 3927 capit
977 3861 1007 3914 12
1033 3862 1119 3912 uixisse
1139 3859 1175 3928 (iu
1196 3859 1318 3929 marpinc
1403 3923 1413 3934 .

101 3963 167 4012 man.
186 3964 239 4004 rer.
265 3965 316 4000 non
341 3948 382 3998 ille
402 3950 443 3998 diu
462 3949 528 4002 uiuit.
547 3951 605 4012 sed,
630 3964 700 4019 quoe
720 3964 779 4001 cum
798 3947 928 4003 Fickerto
948 3955 973 4003 et
993 3947 1095 4002 Haasio
1113 3948 1190 4001 runcis
1208 3945 1316 4013 inclusi)

185 4040 242 4104 quid
261 4039 327 4088 enim
348 4036 513 4092 deteriores:
535 4039 601 4103 quod
621 4045 662 4090 eni
756 4039 787 4091 lii
812 4048 847 4088 set
866 4038 968 4088 multum
1061 4036 1093 4089 18
1112 4037 1172 4087 illud
1192 4037 1219 4104 (d
1233 4037 1316 4104 corr.)

184 4126 218 4180 20
236 4143 263 4177 re
281 4123 422 4180 Muretus:
444 4143 481 4178 res
589 4126 622 4180 22
647 4128 773 4177 estimatur
880 4125 915 4179 22
938 4143 1018 4176 annua
1037 4142 1066 4174 ac
1085 4120 1215 4194 Maduiq:
1238 4142 1317 4174 annua

185 4215 217 4269 23
236 4217 364 4266 carissime
383 4213 508 4285 lipsius:
530 4217 649 4266 carissimi
759 4216 805 4265 illis
827 4213 924 4269 Gertz:
947 4217 1009 4265 inhis
1029 4208 1076 4279 (iiis
1095 4211 1122 4266 t'n
1141 4213 1209 4279 ras.)

103 4303 133 4354 ‘24
159 4306 250 4356 ustImat
358 4303 392 4358 25
418 4305 502 4356 uideas
523 4301 652 4374 Maduip:
674 4305 731 4354 uide
840 4303 873 4357 2ss
901 4305 1001 4369 propius
1020 4300 1184 4354 deteriores:
1207 4303 1318 4367 proprius

187 4393 219 4446 28
237 4395 380 4460 impendere
