3254 5314
271 317 335 378 248
418 306 497 354 nint.
512 309 551 354 Xl.
580 309 622 350 Ab
637 309 772 350 HELVIAM
788 308 918 350 MATREM
933 309 974 348 DE
989 307 1231 350 CONSOLATIONE.
1258 313 1279 352 ⁹2.
1294 313 1314 352 ³.
1329 312 1349 351 4.

271 456 587 538 indulgentissimum,
611 456 766 536 optimum
791 475 829 516 ac
852 453 1054 516 fortissimum
1080 455 1193 523 uirum,
1225 475 1296 518 cum
1320 455 1496 518 aduentum

271 565 335 626 eius
359 570 562 642 expectares,
593 562 730 624 amisisti.
777 569 809 622 et
832 577 871 623 n'e
895 562 1057 626 saeuitiam
1081 581 1170 624 suam
1195 561 1320 623 sortuna
1343 560 1496 624 leuiorem

272 670 452 732 diducendo
476 668 607 744 laceret,
639 669 719 732 intra
741 668 952 730 tricensimum
977 668 1062 730 diem
1087 669 1280 732 carissimum
1303 668 1422 741 uirum,
1456 687 1498 728 ex

271 797 335 856 quo
375 784 475 837 mater
514 776 618 846 trium¹
638 773 809 838 liberorum
840 794 926 848 eras,
957 773 1104 836 extulisti.
1157 773 1277 856 lugenti
1308 773 1365 837 tibi
1397 755 1532 841 lictuss

232 903 244 940 s
272 881 430 944 nuntiatus
454 891 502 944 est
525 883 672 944 omnibus
694 882 819 962 quidem
844 880 1027 942 absentibus
1051 879 1163 954 liberis,
1186 881 1274 962 quasi
1290 881 1331 942 de
1347 880 1500 941 industria

272 989 303 1050 in
326 989 358 1050 id
381 997 508 1068 tempus
531 989 679 1050 coniectis
702 987 791 1050 malis
815 990 882 1062 tuis,
907 997 941 1048 ut
963 985 1039 1049 nihil
1061 997 1153 1062 esset,
1178 987 1230 1048 ubi
1253 1007 1287 1048 se
1311 985 1405 1048 dolor
1428 994 1500 1048 tuus

271 1094 443 1158 reclinaret.
489 1103 616 1156 transeo
649 1103 697 1156 tot
730 1093 883 1174 pericula,
914 1103 963 1156 tot
987 1102 1106 1168 metuS,
1136 1114 1217 1174 quos
1240 1095 1306 1156 sine
1334 1091 1500 1155 interuallo

208 1238 212 1246 ·
272 1189 358 1263 inte
382 1201 564 1262 incursantis
587 1199 758 1280 pertulisti:
794 1199 892 1261 modo
916 1202 1016 1262 modo
1041 1200 1070 1260 in
1087 1200 1223 1262 eundem
1240 1201 1351 1274 sinum,
1375 1219 1420 1260 ex
1436 1219 1500 1279 quo

272 1316 336 1368 tres
359 1315 493 1387 nepotes
516 1308 674 1384 emiseras,
698 1327 771 1372 ossa
793 1307 887 1369 trium
912 1316 1064 1388 nepotum
1087 1306 1240 1388 recepisti.
1286 1306 1366 1368 intra
1390 1306 1497 1368 uicesi-

235 1433 358 1476 romum
383 1414 477 1488 diem,
501 1434 597 1494 quam
621 1411 718 1474 filium
743 1434 849 1475 meum
875 1414 904 1474 in
929 1413 1073 1476 manibus
1097 1413 1182 1474 etin
1206 1411 1319 1474 osculis
1335 1412 1397 1474 tuis
1414 1432 1499 1476 mor-

271 1530 360 1582 tuum
392 1521 607 1596 funeraueraS,
638 1530 762 1602 raptum
795 1540 846 1582 me
877 1520 1007 1584 audisti:
1044 1519 1106 1582 hoc
1136 1518 1240 1582 adhuc
1271 1516 1416 1580 defuerat
1445 1519 1500 1582 tibi

271 1625 378 1708 lugere
402 1628 499 1689 uiuos.
563 1662 567 1668 ι

361 1734 412 1796 Ill.
444 1733 670 1798 Grauissimum
705 1744 752 1797 est
783 1755 825 1796 ex
856 1733 1019 1808 omnibus,
1051 1753 1132 1816 quae
1155 1752 1304 1814 umquam
1328 1735 1359 1794 in
1384 1751 1532 1816 corpusl
1607 1715 1608 1720 ἵ

272 1851 360 1903 tuum
392 1841 639 1916 descenderunt,
670 1861 780 1904 recens
808 1840 935 1914 uolnus,
967 1839 1077 1902 fateor.
1123 1860 1188 1902 non
1211 1859 1370 1902 summam
1396 1849 1501 1902 cutem

235 1969 257 2008 is
272 1947 370 2029 rupit,
401 1956 511 2027 pectus
543 1955 574 2008 et
606 1947 724 2010 uiscera
753 1948 821 2028 ipsa
845 1947 954 2009 diuisit.
1001 1947 1057 2010 sed
1085 1947 1359 2028 quemadmodum
1382 1948 1501 2010 tirones

271 2053 381 2116 leuiter
404 2055 498 2116 saucii
521 2062 628 2116 tamen
651 2051 861 2116 uociferantur
883 2063 915 2115 et
939 2074 1049 2116 manus
1074 2055 1269 2116 medicorum
1286 2053 1389 2136 magis
1405 2076 1500 2136 quam

272 2159 387 2222 serrum
419 2159 564 2236 horrent,
595 2170 628 2222 at
658 2162 797 2223 ueterani
806 2139 824 2236 ,⁴
844 2162 988 2241 quamuis
1012 2159 1163 2236 comessi,
1194 2161 1350 2242 patienter
1373 2181 1413 2222 ac
1436 2161 1500 2222 sine

272 2268 391 2346 gemitu
415 2266 499 2329 uelut
523 2267 622 2330 aliena
645 2288 779 2348 corpora
803 2269 941 2330 exanimi
965 2270 1139 2350 patiuntur:
1170 2268 1214 2330 ita
1235 2277 1269 2330 tu
1293 2288 1376 2330 nunc
1401 2268 1501 2330 debes

272 2371 394 2434 fortiter
423 2372 576 2455 praebere
607 2382 638 2436 te
667 2375 825 2436 curationi.
871 2374 1113 2438 lamentationes
1137 2376 1264 2455 quidem
1289 2384 1321 2436 et
1345 2372 1533 2440 heiulatusl
1614 2414 1615 2440 l

232 2465 258 2538 ai
273 2488 305 2540 et
328 2477 402 2553 alia,
434 2501 490 2561 per
513 2500 594 2560 quae
617 2478 682 2542 sere
705 2479 864 2544 muliebris
889 2480 980 2544 dolor
1003 2481 1226 2556 tumultuatur,
1257 2501 1381 2544 amone.
1430 2501 1498 2562 per·

273 2583 377 2646 didisti
407 2587 489 2648 enim
521 2595 570 2648 tot
601 2587 700 2663 mala,
731 2589 756 2650 si
787 2588 929 2651 nondum
962 2588 1075 2650 misera
1105 2608 1174 2650 esse
1198 2588 1339 2650 didicisti.
1387 2589 1501 2668 ecquid

273 2693 384 2754 uideor
406 2716 470 2756 non
494 2695 603 2758 timide
627 2703 732 2757 tecum
757 2697 878 2775 egisse?
910 2693 984 2758 nihil
1008 2695 1063 2756 tibi
1087 2695 1227 2758 subduxi
1250 2716 1292 2759 ex
1316 2695 1408 2758 malis
1432 2699 1500 2771 tuis

272 2802 329 2862 sed
354 2801 460 2864 omnia
484 2811 671 2877 coaceruata
693 2811 767 2864 ante
791 2811 823 2864 te
846 2804 962 2884 posui.¹

361 2909 417 2970 IV.
449 2908 569 2989 Magno
600 2910 633 2972 id
664 2910 770 2971 animo
801 2909 867 2971 feci.
914 2908 1060 2972 constitui
1091 2909 1173 2970 enim
1206 2910 1329 2972 uincere
1353 2909 1531 2974 doloreml

233 3033 258 3072 rs
273 3024 369 3090 tuum,
394 3036 458 3076 non
482 3015 745 3078 circumscribere.
788 3017 911 3078 uincam
935 3024 1051 3090 autem,
1075 3024 1163 3098 put0,
1186 3018 1321 3098 primum
1345 3017 1371 3079 si
1394 3026 1499 3081 osten-

274 3123 351 3183 dero
374 3121 449 3188 nihil
473 3141 524 3182 me
548 3124 627 3202 pati,
658 3109 900 3203 propterquod
924 3123 991 3203 ipse
1015 3123 1074 3184 dici
1097 3122 1216 3204 possim
1241 3123 1350 3197 miser,
1381 3123 1501 3186 nedum

272 3236 403 3310 propter
433 3229 520 3308 quod
551 3229 682 3290 miseros
706 3229 800 3292 etiam
825 3249 905 3308 quos
929 3228 1082 3309 contingo
1105 3226 1236 3290 faciam:
1271 3229 1387 3292 deinde
1410 3230 1436 3292 si
1460 3231 1501 3292 ad

273 3345 305 3397 te
329 3334 481 3397 transiero
504 3343 538 3396 et
560 3335 738 3416 probauero
763 3356 802 3397 ne
826 3344 913 3399 tuam
937 3336 1066 3417 quidem
1091 3355 1222 3416 grauem
1246 3355 1315 3398 esse
1331 3332 1501 3409 fortunam,

273 3461 353 3521 quae
377 3450 446 3502 tota
470 3462 512 3502 cx
536 3461 607 3502 mea
626 3443 753 3522 pendet.

233 3567 258 3605 su
362 3547 435 3608 Hoc
457 3547 541 3628 prius
565 3547 740 3627 adgrediar,
763 3549 850 3628 quod
873 3548 973 3629 pietas
996 3557 1050 3610 tua
1072 3548 1180 3614 audire
1204 3548 1306 3630 gestit,
1330 3547 1405 3609 nihil
1425 3549 1532 3616 mihil

274 3652 345 3716 mali
370 3673 457 3714 esse:
491 3655 516 3713 si
540 3661 684 3734 potuer0,
708 3654 791 3735 ipsas
815 3674 873 3729 reS,
896 3654 1009 3736 quibus
1033 3673 1084 3716 me
1108 3662 1200 3734 putas
1216 3655 1326 3736 premi,
1349 3675 1415 3716 non
1432 3676 1500 3718 esse

273 3758 485 3821 intolerabiles
515 3757 627 3822 faciam
659 3759 867 3822 manifestum.
922 3763 968 3823 sin
999 3760 1029 3821 id
1060 3761 1146 3821 credi
1178 3781 1242 3822 non
1272 3762 1430 3842 potuerit:
1469 3771 1499 3824 at

275 3886 336 3946 ego
361 3863 436 3926 mihi
460 3868 525 3947 ipse
549 3865 650 3946 magis
672 3865 816 3948 placeb0,
840 3868 927 3948 quod
950 3868 1031 3929 inter
1054 3886 1107 3928 eas
1131 3886 1181 3927 res
1203 3866 1316 3929 beatus
1331 3887 1396 3941 ero,
1409 3869 1499 3949 'quae

274 4094 289 4147 3
309 4095 453 4154 tricensimo
545 4095 560 4145 ti
577 4099 639 4142 esset
651 4095 744 4144 habere
755 4096 798 4144 ubi
810 4113 836 4144 se
850 4097 917 4162 (ras.
930 4099 992 4148 ante
1006 4095 1074 4157 ubil:
1096 4097 1212 4164 apparel
1226 4091 1331 4164 dupleoe
1349 4094 1497 4165 scriptura,

274 4189 335 4234 esset
348 4189 396 4236 aul
407 4184 513 4232 haberes
520 4199 527 4239 ;
548 4196 663 4252 quorum
683 4191 744 4232 esset
764 4190 792 4234 ut
811 4183 893 4253 1ιηίμο
908 4181 1058 4254 praeferre
1076 4198 1130 4236 non
1150 4181 1273 4236 dubitaui
1363 4183 1397 4236 14
1416 4185 1498 4234 uulnus

363 4271 396 4325 18
416 4274 536 4323 exsaniari
638 4271 672 4324 20
686 4272 810 4322 muliebris
823 4269 987 4324 Pincianus:
1009 4272 1115 4322 mulieris
1205 4271 1239 4326 27
1252 4273 1284 4322 ad
1299 4272 1326 4339 (d
1339 4286 1377 4325 ex
1391 4279 1400 4322 t
1415 4274 1495 4337 corr.)

363 4412 397 4467 32
416 4377 567 4466 ¹tolerabiles
657 4420 682 4464 at
701 4416 719 4480 (t
738 4415 765 4467 in
784 4417 853 4478 rar.)
