<?xml version="1.0" encoding="UTF-8"?>
<!DOCTYPE html PUBLIC "-//W3C//DTD XHTML 1.0 Transitional//EN"
    "http://www.w3.org/TR/xhtml1/DTD/xhtml1-transitional.dtd">
<html xmlns="http://www.w3.org/1999/xhtml" xml:lang="en" lang="en">
 <head>
  <title>
</title>
<meta http-equiv="Content-Type" content="text/html;charset=utf-8" />
  <meta name='ocr-system' content='tesseract 3.04.00' />
  <meta name='ocr-capabilities' content='ocr_page ocr_carea ocr_par ocr_line ocrx_word'/>
</head>
<body>
  <div class='ocr_page' id='page_1' title='image "./lannaeisenecaed01vahlgoog_0329.png"; bbox 0 0 3212 5318; ppageno 0'>
   <div class='ocr_carea' id='block_1_1' title="bbox 204 351 1287 426">
    <p class='ocr_par' dir='ltr' id='par_1_1' title="bbox 204 351 1287 426">
     <span class='ocr_line' id='line_1_1' title="bbox 204 351 1287 426; baseline 0.004 -31"><span class='ocrx_word' id='word_1_1' title='bbox 204 399 208 406; x_wconf 53' lang='grc'>,</span> <span class='ocrx_word' id='word_1_2' title='bbox 278 363 342 426; x_wconf 70' lang='lat'><strong>288</strong></span> <span class='ocrx_word' id='word_1_3' title='bbox 493 355 633 398; x_wconf 62' lang='lat' dir='ltr'><strong>blanxn.</strong></span> <span class='ocrx_word' id='word_1_4' title='bbox 664 355 705 396; x_wconf 79' lang='lat' dir='ltr'><strong>AD</strong></span> <span class='ocrx_word' id='word_1_5' title='bbox 720 351 871 396; x_wconf 81' lang='lat' dir='ltr'>POLYBIVM</span> <span class='ocrx_word' id='word_1_6' title='bbox 888 354 927 394; x_wconf 81' lang='lat' dir='ltr'><strong>DE</strong></span> <span class='ocrx_word' id='word_1_7' title='bbox 942 353 1184 400; x_wconf 85' lang='lat' dir='ltr'>CONSOLATIONE.</span> <span class='ocrx_word' id='word_1_8' title='bbox 1213 357 1287 400; x_wconf 80' lang='grc'>15.16.</span> 
     </span>
    </p>
   </div>
   <div class='ocr_carea' id='block_1_2' title="bbox 235 498 1600 2506">
    <p class='ocr_par' dir='ltr' id='par_1_2' title="bbox 278 498 1600 901">
     <span class='ocr_line' id='line_1_2' title="bbox 280 498 1600 586; baseline -0.002 -19"><span class='ocrx_word' id='word_1_9' title='bbox 280 504 396 568; x_wconf 87' lang='lat' dir='ltr'><strong>Caesar</strong></span> <span class='ocrx_word' id='word_1_10' title='bbox 411 512 539 586; x_wconf 89' lang='lat' dir='ltr'><strong>patruus</strong></span> <span class='ocrx_word' id='word_1_11' title='bbox 556 521 649 564; x_wconf 58' lang='lat' dir='ltr'><strong>meus⁴</strong></span> <span class='ocrx_word' id='word_1_12' title='bbox 661 501 798 562; x_wconf 88' lang='lat' dir='ltr'>Drusum</span> <span class='ocrx_word' id='word_1_13' title='bbox 816 498 1049 577; x_wconf 87' lang='lat' dir='ltr'><strong>Germanicum,</strong></span> <span class='ocrx_word' id='word_1_14' title='bbox 1068 511 1191 581; x_wconf 89' lang='lat' dir='ltr'><strong>patrem</strong></span> <span class='ocrx_word' id='word_1_15' title='bbox 1208 523 1324 576; x_wconf 90' lang='lat' dir='ltr'><strong>meum,</strong></span> <span class='ocrx_word' id='word_1_16' title='bbox 1346 504 1504 564; x_wconf 84' lang='lat' dir='ltr'>minorem</span> <span class='ocrx_word' id='word_1_17' title='bbox 1599 549 1600 570; x_wconf 64' lang='lat'><strong>,</strong></span> 
     </span>
     <span class='ocr_line' id='line_1_3' title="bbox 278 591 1600 690; baseline 0.001 -18"><span class='ocrx_word' id='word_1_18' title='bbox 278 619 369 686; x_wconf 87' lang='lat' dir='ltr'><strong>natu,</strong></span> <span class='ocrx_word' id='word_1_19' title='bbox 399 630 494 690; x_wconf 90' lang='lat' dir='ltr'><strong>quam</strong></span> <span class='ocrx_word' id='word_1_20' title='bbox 518 609 584 690; x_wconf 91' lang='lat' dir='ltr'><strong>ipse</strong></span> <span class='ocrx_word' id='word_1_21' title='bbox 609 616 689 682; x_wconf 90' lang='lat' dir='ltr'><strong>erat,</strong></span> <span class='ocrx_word' id='word_1_22' title='bbox 720 606 861 681; x_wconf 82' lang='lat' dir='ltr'><strong>fratrem,</strong></span> <span class='ocrx_word' id='word_1_23' title='bbox 886 605 995 669; x_wconf 88' lang='lat' dir='ltr'><strong>intima</strong></span> <span class='ocrx_word' id='word_1_24' title='bbox 1019 606 1206 670; x_wconf 85' lang='lat' dir='ltr'>Germaniae</span> <span class='ocrx_word' id='word_1_25' title='bbox 1229 608 1447 670; x_wconf 84' lang='lat' dir='ltr'><strong>recludentem</strong></span> <span class='ocrx_word' id='word_1_26' title='bbox 1473 591 1509 670; x_wconf 32' lang='lat' dir='ltr'><strong>et*</strong></span> <span class='ocrx_word' id='word_1_27' title='bbox 1599 597 1600 674; x_wconf 68' lang='lat' dir='ltr'><strong>i</strong></span> 
     </span>
     <span class='ocr_line' id='line_1_4' title="bbox 278 712 1600 799; baseline -0.002 -19"><span class='ocrx_word' id='word_1_28' title='bbox 278 727 389 799; x_wconf 82' lang='lat' dir='ltr'><strong>gentes</strong></span> <span class='ocrx_word' id='word_1_29' title='bbox 419 715 627 778; x_wconf 82' lang='lat' dir='ltr'><strong>ferocissimas</strong></span> <span class='ocrx_word' id='word_1_30' title='bbox 650 714 800 776; x_wconf 92' lang='lat' dir='ltr'><strong>Romano</strong></span> <span class='ocrx_word' id='word_1_31' title='bbox 831 712 1037 776; x_wconf 83' lang='lat' dir='ltr'><strong>subicientem</strong></span> <span class='ocrx_word' id='word_1_32' title='bbox 1068 716 1200 795; x_wconf 89' lang='lat' dir='ltr'><strong>imperio</strong></span> <span class='ocrx_word' id='word_1_33' title='bbox 1231 717 1262 776; x_wconf 89' lang='lat' dir='ltr'><strong>in</strong></span> <span class='ocrx_word' id='word_1_34' title='bbox 1285 715 1448 796; x_wconf 87' lang='lat' dir='ltr'><strong>conplexu</strong></span> <span class='ocrx_word' id='word_1_35' title='bbox 1474 726 1506 778; x_wconf 93' lang='lat' dir='ltr'><strong>et</strong></span> <span class='ocrx_word' id='word_1_36' title='bbox 1599 737 1600 768; x_wconf 68' lang='lat' dir='ltr'><strong>r</strong></span> 
     </span>
     <span class='ocr_line' id='line_1_5' title="bbox 279 820 1505 901; baseline -0.001 -15"><span class='ocrx_word' id='word_1_37' title='bbox 279 826 308 886; x_wconf 93' lang='lat' dir='ltr'><strong>in</strong></span> <span class='ocrx_word' id='word_1_38' title='bbox 340 822 453 886; x_wconf 89' lang='lat' dir='ltr'><strong>osculis</strong></span> <span class='ocrx_word' id='word_1_39' title='bbox 485 823 547 884; x_wconf 91' lang='lat' dir='ltr'><strong>suis</strong></span> <span class='ocrx_word' id='word_1_40' title='bbox 578 821 698 894; x_wconf 82' lang='lat' dir='ltr'><strong>amisit:</strong></span> <span class='ocrx_word' id='word_1_41' title='bbox 735 821 866 882; x_wconf 92' lang='lat' dir='ltr'><strong>modum</strong></span> <span class='ocrx_word' id='word_1_42' title='bbox 898 829 1004 883; x_wconf 88' lang='lat' dir='ltr'><strong>tamen</strong></span> <span class='ocrx_word' id='word_1_43' title='bbox 1036 820 1164 901; x_wconf 91' lang='lat' dir='ltr'><strong>lugendi</strong></span> <span class='ocrx_word' id='word_1_44' title='bbox 1194 843 1259 884; x_wconf 92' lang='lat' dir='ltr'><strong>non</strong></span> <span class='ocrx_word' id='word_1_45' title='bbox 1286 823 1345 884; x_wconf 92' lang='lat' dir='ltr'><strong>sibi</strong></span> <span class='ocrx_word' id='word_1_46' title='bbox 1367 832 1505 897; x_wconf 84' lang='lat' dir='ltr'><strong>tantum,</strong></span> 
     </span>
    </p>

    <p class='ocr_par' dir='ltr' id='par_1_3' title="bbox 252 927 1505 1438">
     <span class='ocr_line' id='line_1_6' title="bbox 252 927 1505 1004; baseline 0 -14"><span class='ocrx_word' id='word_1_47' title='bbox 252 933 334 993; x_wconf 81' lang='lat' dir='ltr'><strong>ssed</strong></span> <span class='ocrx_word' id='word_1_48' title='bbox 359 933 452 992; x_wconf 88' lang='lat' dir='ltr'><strong>etiam</strong></span> <span class='ocrx_word' id='word_1_49' title='bbox 477 927 542 991; x_wconf 91' lang='lat' dir='ltr'><strong>aliis</strong></span> <span class='ocrx_word' id='word_1_50' title='bbox 565 927 637 990; x_wconf 88' lang='lat' dir='ltr'><strong>secit</strong></span> <span class='ocrx_word' id='word_1_51' title='bbox 660 948 697 990; x_wconf 90' lang='lat' dir='ltr'><strong>ac</strong></span> <span class='ocrx_word' id='word_1_52' title='bbox 720 935 823 989; x_wconf 88' lang='lat' dir='ltr'><strong>totum</strong></span> <span class='ocrx_word' id='word_1_53' title='bbox 848 928 1022 989; x_wconf 88' lang='lat' dir='ltr'><strong>exercitum</strong></span> <span class='ocrx_word' id='word_1_54' title='bbox 1046 948 1110 990; x_wconf 90' lang='lat' dir='ltr'><strong>non</strong></span> <span class='ocrx_word' id='word_1_55' title='bbox 1133 928 1235 990; x_wconf 92' lang='lat' dir='ltr'><strong>solum</strong></span> <span class='ocrx_word' id='word_1_56' title='bbox 1254 938 1422 1004; x_wconf 90' lang='lat' dir='ltr'><strong>maestum,</strong></span> <span class='ocrx_word' id='word_1_57' title='bbox 1447 931 1505 990; x_wconf 90' lang='lat' dir='ltr'><strong>sed</strong></span> 
     </span>
     <span class='ocr_line' id='line_1_7' title="bbox 279 1033 1504 1115; baseline -0.002 -16"><span class='ocrx_word' id='word_1_58' title='bbox 279 1040 373 1100; x_wconf 90' lang='lat' dir='ltr'><strong>etiam</strong></span> <span class='ocrx_word' id='word_1_59' title='bbox 412 1037 580 1099; x_wconf 91' lang='lat' dir='ltr'><strong>attonitum</strong></span> <span class='ocrx_word' id='word_1_60' title='bbox 620 1054 733 1115; x_wconf 90' lang='lat' dir='ltr'><strong>corpus</strong></span> <span class='ocrx_word' id='word_1_61' title='bbox 764 1034 858 1096; x_wconf 90' lang='lat' dir='ltr'>Drusi</span> <span class='ocrx_word' id='word_1_62' title='bbox 896 1035 943 1095; x_wconf 94' lang='lat' dir='ltr'><strong>sui</strong></span> <span class='ocrx_word' id='word_1_63' title='bbox 972 1033 1031 1096; x_wconf 88' lang='lat' dir='ltr'>sibi</span> <span class='ocrx_word' id='word_1_64' title='bbox 1062 1035 1272 1097; x_wconf 89' lang='lat' dir='ltr'><strong>uindicantem</strong></span> <span class='ocrx_word' id='word_1_65' title='bbox 1304 1037 1345 1098; x_wconf 90' lang='lat' dir='ltr'><strong>ad</strong></span> <span class='ocrx_word' id='word_1_66' title='bbox 1377 1056 1504 1098; x_wconf 93' lang='lat' dir='ltr'><strong>morem</strong></span> 
     </span>
     <span class='ocr_line' id='line_1_8' title="bbox 278 1141 1504 1223; baseline -0.002 -17"><span class='ocrx_word' id='word_1_67' title='bbox 278 1144 415 1206; x_wconf 90' lang='lat' dir='ltr'><strong>Romani</strong></span> <span class='ocrx_word' id='word_1_68' title='bbox 445 1142 545 1203; x_wconf 92' lang='lat' dir='ltr'><strong>luctus</strong></span> <span class='ocrx_word' id='word_1_69' title='bbox 573 1142 695 1222; x_wconf 80' lang='lat' dir='ltr'><strong>redegit</strong></span> <span class='ocrx_word' id='word_1_70' title='bbox 723 1141 932 1220; x_wconf 87' lang='lat' dir='ltr'><strong>iudicauitque</strong></span> <span class='ocrx_word' id='word_1_71' title='bbox 955 1161 1019 1202; x_wconf 92' lang='lat' dir='ltr'><strong>non</strong></span> <span class='ocrx_word' id='word_1_72' title='bbox 1043 1141 1195 1204; x_wconf 90' lang='lat' dir='ltr'><strong>militandi</strong></span> <span class='ocrx_word' id='word_1_73' title='bbox 1219 1151 1342 1204; x_wconf 87' lang='lat' dir='ltr'><strong>tanturn</strong></span> <span class='ocrx_word' id='word_1_74' title='bbox 1366 1142 1504 1223; x_wconf 90' lang='lat' dir='ltr'><strong>discipli-</strong></span> 
     </span>
     <span class='ocr_line' id='line_1_9' title="bbox 278 1247 1505 1330; baseline -0.002 -18"><span class='ocrx_word' id='word_1_75' title='bbox 278 1271 351 1312; x_wconf 91' lang='lat' dir='ltr'><strong>nam</strong></span> <span class='ocrx_word' id='word_1_76' title='bbox 376 1270 445 1311; x_wconf 91' lang='lat' dir='ltr'><strong>esse</strong></span> <span class='ocrx_word' id='word_1_77' title='bbox 465 1249 662 1322; x_wconf 89' lang='lat' dir='ltr'><strong>seruandam,</strong></span> <span class='ocrx_word' id='word_1_78' title='bbox 686 1249 743 1309; x_wconf 91' lang='lat' dir='ltr'><strong>sed</strong></span> <span class='ocrx_word' id='word_1_79' title='bbox 760 1249 854 1309; x_wconf 91' lang='lat' dir='ltr'><strong>etiam</strong></span> <span class='ocrx_word' id='word_1_80' title='bbox 870 1247 1006 1308; x_wconf 90' lang='lat' dir='ltr'><strong>dolendi.</strong></span> <span class='ocrx_word' id='word_1_81' title='bbox 1043 1268 1106 1308; x_wconf 90' lang='lat' dir='ltr'><strong>non</strong></span> <span class='ocrx_word' id='word_1_82' title='bbox 1123 1249 1278 1330; x_wconf 89' lang='lat' dir='ltr'><strong>potuisset</strong></span> <span class='ocrx_word' id='word_1_83' title='bbox 1292 1247 1341 1310; x_wconf 89' lang='lat' dir='ltr'><strong>ille</strong></span> <span class='ocrx_word' id='word_1_84' title='bbox 1359 1248 1505 1310; x_wconf 87' lang='lat' dir='ltr'><strong>lacrimas</strong></span> 
     </span>
     <span class='ocr_line' id='line_1_10' title="bbox 278 1355 1084 1438; baseline -0.006 -19"><span class='ocrx_word' id='word_1_85' title='bbox 278 1358 393 1420; x_wconf 86' lang='lat' dir='ltr'><strong>alienas</strong></span> <span class='ocrx_word' id='word_1_86' title='bbox 416 1375 615 1438; x_wconf 88' lang='lat' dir='ltr'><strong>conpescere,</strong></span> <span class='ocrx_word' id='word_1_87' title='bbox 638 1357 695 1416; x_wconf 90' lang='lat' dir='ltr'><strong>nisi</strong></span> <span class='ocrx_word' id='word_1_88' title='bbox 718 1356 802 1435; x_wconf 87' lang='lat' dir='ltr'><strong>prius</strong></span> <span class='ocrx_word' id='word_1_89' title='bbox 824 1355 988 1435; x_wconf 89' lang='lat' dir='ltr'><strong>pressisset</strong></span> <span class='ocrx_word' id='word_1_90' title='bbox 1011 1374 1084 1415; x_wconf 91' lang='lat' dir='ltr'><strong>suas</strong></span> 
     </span>
    </p>

    <p class='ocr_par' dir='ltr' id='par_1_4' title="bbox 240 1460 1537 1972">
     <span class='ocr_line' id='line_1_11' title="bbox 240 1460 1535 1543; baseline 0 -21"><span class='ocrx_word' id='word_1_91' title='bbox 240 1484 264 1522; x_wconf 77' lang='grc' dir='ltr'><strong>ιο</strong></span> <span class='ocrx_word' id='word_1_92' title='bbox 367 1463 454 1526; x_wconf 91' lang='lat' dir='ltr'>XVI.</span> <span class='ocrx_word' id='word_1_93' title='bbox 496 1463 568 1543; x_wconf 55' lang='lat'><strong>[35]</strong></span> <span class='ocrx_word' id='word_1_94' title='bbox 601 1461 645 1522; x_wconf 91' lang='lat' dir='ltr'><strong>M.</strong></span> <span class='ocrx_word' id='word_1_95' title='bbox 671 1461 843 1534; x_wconf 84' lang='lat' dir='ltr'><strong>Antonius,</strong></span> <span class='ocrx_word' id='word_1_96' title='bbox 868 1481 944 1522; x_wconf 91' lang='lat' dir='ltr'><strong>auus</strong></span> <span class='ocrx_word' id='word_1_97' title='bbox 967 1481 1071 1535; x_wconf 78' lang='lat' dir='ltr'><strong>meuS,</strong></span> <span class='ocrx_word' id='word_1_98' title='bbox 1093 1460 1177 1522; x_wconf 94' lang='lat' dir='ltr'><strong>nullo</strong></span> <span class='ocrx_word' id='word_1_99' title='bbox 1202 1462 1305 1522; x_wconf 91' lang='lat' dir='ltr'><strong>minor</strong></span> <span class='ocrx_word' id='word_1_100' title='bbox 1327 1462 1385 1524; x_wconf 93' lang='lat' dir='ltr'><strong>nisi</strong></span> <span class='ocrx_word' id='word_1_101' title='bbox 1409 1481 1464 1537; x_wconf 92' lang='lat' dir='ltr'><strong>e0‚</strong></span> <span class='ocrx_word' id='word_1_102' title='bbox 1488 1479 1535 1529; x_wconf 74' lang='lat' dir='ltr'><strong>al</strong></span> 
     </span>
     <span class='ocr_line' id='line_1_12' title="bbox 278 1567 1505 1655; baseline -0.002 -22"><span class='ocrx_word' id='word_1_103' title='bbox 278 1593 341 1655; x_wconf 91' lang='lat' dir='ltr'><strong>quo</strong></span> <span class='ocrx_word' id='word_1_104' title='bbox 373 1571 472 1632; x_wconf 88' lang='lat' dir='ltr'><strong>uictus</strong></span> <span class='ocrx_word' id='word_1_105' title='bbox 501 1580 563 1644; x_wconf 91' lang='lat' dir='ltr'><strong>est,</strong></span> <span class='ocrx_word' id='word_1_106' title='bbox 596 1579 670 1630; x_wconf 87' lang='lat' dir='ltr'><strong>tunc</strong></span> <span class='ocrx_word' id='word_1_107' title='bbox 694 1589 765 1630; x_wconf 92' lang='lat' dir='ltr'><strong>curn</strong></span> <span class='ocrx_word' id='word_1_108' title='bbox 789 1567 1016 1649; x_wconf 86' lang='lat' dir='ltr'><strong>rempublicam</strong></span> <span class='ocrx_word' id='word_1_109' title='bbox 1040 1570 1243 1630; x_wconf 89' lang='lat' dir='ltr'><strong>constitueret</strong></span> <span class='ocrx_word' id='word_1_110' title='bbox 1267 1576 1298 1629; x_wconf 93' lang='lat' dir='ltr'><strong>et</strong></span> <span class='ocrx_word' id='word_1_111' title='bbox 1321 1568 1505 1630; x_wconf 87' lang='lat' dir='ltr'><strong>triumuirali</strong></span> 
     </span>
     <span class='ocr_line' id='line_1_13' title="bbox 277 1675 1506 1761; baseline -0.003 -21"><span class='ocrx_word' id='word_1_112' title='bbox 277 1687 437 1761; x_wconf 87' lang='lat' dir='ltr'><strong>potestate</strong></span> <span class='ocrx_word' id='word_1_113' title='bbox 467 1676 627 1757; x_wconf 87' lang='lat' dir='ltr'><strong>praeditus</strong></span> <span class='ocrx_word' id='word_1_114' title='bbox 658 1675 731 1736; x_wconf 91' lang='lat' dir='ltr'><strong>nihil</strong></span> <span class='ocrx_word' id='word_1_115' title='bbox 762 1696 856 1756; x_wconf 92' lang='lat' dir='ltr'><strong>super</strong></span> <span class='ocrx_word' id='word_1_116' title='bbox 886 1695 919 1736; x_wconf 91' lang='lat' dir='ltr'><strong>se</strong></span> <span class='ocrx_word' id='word_1_117' title='bbox 943 1675 1079 1749; x_wconf 90' lang='lat' dir='ltr'><strong>uideret,</strong></span> <span class='ocrx_word' id='word_1_118' title='bbox 1111 1676 1252 1758; x_wconf 86' lang='lat' dir='ltr'><strong>exceptis</strong></span> <span class='ocrx_word' id='word_1_119' title='bbox 1277 1695 1352 1736; x_wconf 88' lang='lat' dir='ltr'><strong>uero</strong></span> <span class='ocrx_word' id='word_1_120' title='bbox 1378 1676 1506 1737; x_wconf 93' lang='lat' dir='ltr'><strong>duobus</strong></span> 
     </span>
     <span class='ocr_line' id='line_1_14' title="bbox 279 1767 1537 1870; baseline 0 -23"><span class='ocrx_word' id='word_1_121' title='bbox 279 1785 406 1865; x_wconf 92' lang='lat' dir='ltr'><strong>collegis</strong></span> <span class='ocrx_word' id='word_1_122' title='bbox 422 1783 529 1844; x_wconf 88' lang='lat' dir='ltr'><strong>omnia</strong></span> <span class='ocrx_word' id='word_1_123' title='bbox 545 1781 622 1844; x_wconf 87' lang='lat' dir='ltr'><strong>inlra</strong></span> <span class='ocrx_word' id='word_1_124' title='bbox 637 1804 671 1844; x_wconf 89' lang='lat' dir='ltr'><strong>se</strong></span> <span class='ocrx_word' id='word_1_125' title='bbox 687 1767 838 1870; x_wconf 74' lang='lat' dir='ltr'><strong>cerneret,¹</strong></span> <span class='ocrx_word' id='word_1_126' title='bbox 854 1781 982 1844; x_wconf 80' lang='lat' dir='ltr'><strong>fratrem</strong></span> <span class='ocrx_word' id='word_1_127' title='bbox 998 1781 1195 1846; x_wconf 83' lang='lat' dir='ltr'><strong>intersectum</strong></span> <span class='ocrx_word' id='word_1_128' title='bbox 1212 1783 1337 1843; x_wconf 87' lang='lat' dir='ltr'><strong>audiuit.</strong></span> <span class='ocrx_word' id='word_1_129' title='bbox 1377 1781 1506 1843; x_wconf 80' lang='lat' dir='ltr'><strong>fortuna</strong></span> <span class='ocrx_word' id='word_1_130' title='bbox 1524 1797 1537 1848; x_wconf 77' lang='lat'><strong>2</strong></span> 
     </span>
     <span class='ocr_line' id='line_1_15' title="bbox 278 1887 1505 1972; baseline -0.003 -18"><span class='ocrx_word' id='word_1_131' title='bbox 278 1896 441 1972; x_wconf 79' lang='lat' dir='ltr'><strong>inpotem,</strong></span> <span class='ocrx_word' id='word_1_132' title='bbox 470 1888 577 1971; x_wconf 90' lang='lat' dir='ltr'><strong>quales</strong></span> <span class='ocrx_word' id='word_1_133' title='bbox 606 1910 648 1950; x_wconf 88' lang='lat' dir='ltr'><strong>ex</strong></span> <span class='ocrx_word' id='word_1_134' title='bbox 671 1888 815 1950; x_wconf 87' lang='lat' dir='ltr'><strong>humanis</strong></span> <span class='ocrx_word' id='word_1_135' title='bbox 839 1888 928 1951; x_wconf 92' lang='lat' dir='ltr'><strong>malis</strong></span> <span class='ocrx_word' id='word_1_136' title='bbox 952 1889 1008 1950; x_wconf 86' lang='lat' dir='ltr'><strong>tibi</strong></span> <span class='ocrx_word' id='word_1_137' title='bbox 1030 1890 1097 1970; x_wconf 91' lang='lat' dir='ltr'><strong>ipsa</strong></span> <span class='ocrx_word' id='word_1_138' title='bbox 1120 1888 1211 1950; x_wconf 91' lang='lat' dir='ltr'><strong>ludos</strong></span> <span class='ocrx_word' id='word_1_139' title='bbox 1235 1887 1328 1950; x_wconf 86' lang='lat' dir='ltr'><strong>sacis!</strong></span> <span class='ocrx_word' id='word_1_140' title='bbox 1370 1909 1411 1950; x_wconf 94' lang='lat' dir='ltr'><strong>eo</strong></span> <span class='ocrx_word' id='word_1_141' title='bbox 1436 1890 1505 1970; x_wconf 92' lang='lat' dir='ltr'><strong>ipso</strong></span> 
     </span>
    </p>

    <p class='ocr_par' dir='ltr' id='par_1_5' title="bbox 239 1978 1511 2079">
     <span class='ocr_line' id='line_1_16' title="bbox 239 1978 1511 2079; baseline -0.001 -23"><span class='ocrx_word' id='word_1_142' title='bbox 239 2017 264 2057; x_wconf 73' lang='lat' dir='ltr'><strong>rr»</strong></span> <span class='ocrx_word' id='word_1_143' title='bbox 278 2009 431 2079; x_wconf 90' lang='lat' dir='ltr'><strong>tempore,</strong></span> <span class='ocrx_word' id='word_1_144' title='bbox 455 2017 518 2078; x_wconf 91' lang='lat' dir='ltr'><strong>quo</strong></span> <span class='ocrx_word' id='word_1_145' title='bbox 536 1995 578 2057; x_wconf 90' lang='lat' dir='ltr'><strong>M.</strong></span> <span class='ocrx_word' id='word_1_146' title='bbox 595 1978 755 2058; x_wconf 83' lang='lat' dir='ltr'><strong>Antonius</strong></span> <span class='ocrx_word' id='word_1_147' title='bbox 778 1997 891 2057; x_wconf 91' lang='lat' dir='ltr'><strong>ciuium</strong></span> <span class='ocrx_word' id='word_1_148' title='bbox 915 2017 1042 2058; x_wconf 90' lang='lat' dir='ltr'><strong>suorum</strong></span> <span class='ocrx_word' id='word_1_149' title='bbox 1067 1997 1149 2058; x_wconf 88' lang='lat' dir='ltr'><strong>uitae</strong></span> <span class='ocrx_word' id='word_1_150' title='bbox 1172 1995 1308 2058; x_wconf 90' lang='lat' dir='ltr'><strong>sedebat</strong></span> <span class='ocrx_word' id='word_1_151' title='bbox 1328 1997 1511 2076; x_wconf 82' lang='lat' dir='ltr'><strong>mortisque.</strong></span> 
     </span>
    </p>

    <p class='ocr_par' dir='ltr' id='par_1_6' title="bbox 235 2089 1534 2506">
     <span class='ocr_line' id='line_1_17' title="bbox 235 2089 1505 2185; baseline -0.005 -17"><span class='ocrx_word' id='word_1_152' title='bbox 235 2089 239 2098; x_wconf 40' lang='lat'><strong>⁸</strong></span> <span class='ocrx_word' id='word_1_153' title='bbox 277 2107 401 2180; x_wconf 87' lang='lat' dir='ltr'><strong>arbiter,</strong></span> <span class='ocrx_word' id='word_1_154' title='bbox 426 2105 468 2166; x_wconf 89' lang='lat' dir='ltr'><strong>M.</strong></span> <span class='ocrx_word' id='word_1_155' title='bbox 493 2103 625 2165; x_wconf 88' lang='lat' dir='ltr'><strong>Antonii</strong></span> <span class='ocrx_word' id='word_1_156' title='bbox 648 2102 743 2164; x_wconf 80' lang='lat' dir='ltr'><strong>irater</strong></span> <span class='ocrx_word' id='word_1_157' title='bbox 765 2102 836 2164; x_wconf 90' lang='lat' dir='ltr'><strong>duci</strong></span> <span class='ocrx_word' id='word_1_158' title='bbox 859 2101 1026 2164; x_wconf 90' lang='lat' dir='ltr'><strong>iubebatur</strong></span> <span class='ocrx_word' id='word_1_159' title='bbox 1049 2104 1090 2165; x_wconf 88' lang='lat' dir='ltr'><strong>ad</strong></span> <span class='ocrx_word' id='word_1_160' title='bbox 1113 2101 1318 2185; x_wconf 88' lang='lat' dir='ltr'><strong>supplicium:</strong></span> <span class='ocrx_word' id='word_1_161' title='bbox 1351 2101 1421 2163; x_wconf 92' lang='lat' dir='ltr'><strong>tulit</strong></span> <span class='ocrx_word' id='word_1_162' title='bbox 1443 2101 1505 2163; x_wconf 89' lang='lat' dir='ltr'><strong>hoc</strong></span> 
     </span>
     <span class='ocr_line' id='line_1_18' title="bbox 278 2205 1505 2292; baseline -0.004 -17"><span class='ocrx_word' id='word_1_163' title='bbox 278 2222 384 2276; x_wconf 90' lang='lat' dir='ltr'><strong>tamen</strong></span> <span class='ocrx_word' id='word_1_164' title='bbox 407 2220 473 2273; x_wconf 90' lang='lat' dir='ltr'><strong>tam</strong></span> <span class='ocrx_word' id='word_1_165' title='bbox 497 2213 586 2272; x_wconf 91' lang='lat' dir='ltr'><strong>triste</strong></span> <span class='ocrx_word' id='word_1_166' title='bbox 609 2209 720 2272; x_wconf 90' lang='lat' dir='ltr'><strong>uolnus</strong></span> <span class='ocrx_word' id='word_1_167' title='bbox 744 2210 857 2271; x_wconf 90' lang='lat' dir='ltr'><strong>eadem</strong></span> <span class='ocrx_word' id='word_1_168' title='bbox 882 2210 1099 2290; x_wconf 85' lang='lat' dir='ltr'><strong>magnitudine</strong></span> <span class='ocrx_word' id='word_1_169' title='bbox 1122 2210 1215 2271; x_wconf 89' lang='lat' dir='ltr'><strong>animi</strong></span> <span class='ocrx_word' id='word_1_170' title='bbox 1240 2205 1300 2292; x_wconf 81' lang='lat' dir='ltr'><strong>[M.</strong></span> <span class='ocrx_word' id='word_1_171' title='bbox 1319 2205 1505 2292; x_wconf 81' lang='lat' dir='ltr'><strong>Antonius]‚</strong></span> 
     </span>
     <span class='ocr_line' id='line_1_19' title="bbox 278 2315 1505 2401; baseline -0.005 -19"><span class='ocrx_word' id='word_1_172' title='bbox 278 2342 340 2401; x_wconf 88' lang='lat' dir='ltr'><strong>qua</strong></span> <span class='ocrx_word' id='word_1_173' title='bbox 371 2319 476 2381; x_wconf 87' lang='lat' dir='ltr'><strong>omnia</strong></span> <span class='ocrx_word' id='word_1_174' title='bbox 506 2317 566 2379; x_wconf 89' lang='lat' dir='ltr'><strong>alia</strong></span> <span class='ocrx_word' id='word_1_175' title='bbox 596 2319 729 2379; x_wconf 87' lang='lat' dir='ltr'><strong>aduersa</strong></span> <span class='ocrx_word' id='word_1_176' title='bbox 759 2316 948 2379; x_wconf 89' lang='lat' dir='ltr'><strong>tolerauerat</strong></span> <span class='ocrx_word' id='word_1_177' title='bbox 979 2325 1010 2378; x_wconf 91' lang='lat' dir='ltr'><strong>et</strong></span> <span class='ocrx_word' id='word_1_178' title='bbox 1041 2316 1104 2377; x_wconf 88' lang='lat' dir='ltr'><strong>hoc</strong></span> <span class='ocrx_word' id='word_1_179' title='bbox 1134 2315 1189 2378; x_wconf 88' lang='lat' dir='ltr'><strong>suit</strong></span> <span class='ocrx_word' id='word_1_180' title='bbox 1213 2317 1240 2378; x_wconf 94' lang='lat' dir='ltr'><strong>ei</strong></span> <span class='ocrx_word' id='word_1_181' title='bbox 1264 2315 1372 2394; x_wconf 88' lang='lat' dir='ltr'><strong>lugere</strong></span> <span class='ocrx_word' id='word_1_182' title='bbox 1397 2317 1505 2396; x_wconf 90' lang='lat' dir='ltr'><strong>uiginti</strong></span> 
     </span>
     <span class='ocr_line' id='line_1_20' title="bbox 277 2422 1534 2506; baseline -0.003 -18"><span class='ocrx_word' id='word_1_183' title='bbox 277 2428 437 2506; x_wconf 87' lang='lat' dir='ltr'><strong>legionum</strong></span> <span class='ocrx_word' id='word_1_184' title='bbox 469 2427 619 2506; x_wconf 87' lang='lat' dir='ltr'><strong>sanguine</strong></span> <span class='ocrx_word' id='word_1_185' title='bbox 650 2422 735 2486; x_wconf 84' lang='lat' dir='ltr'><strong>fratri</strong></span> <span class='ocrx_word' id='word_1_186' title='bbox 766 2433 940 2505; x_wconf 87' lang='lat' dir='ltr'><strong>parentare.</strong></span> <span class='ocrx_word' id='word_1_187' title='bbox 986 2424 1044 2484; x_wconf 91' lang='lat' dir='ltr'><strong>sed</strong></span> <span class='ocrx_word' id='word_1_188' title='bbox 1076 2433 1111 2484; x_wconf 93' lang='lat' dir='ltr'><strong>ut</strong></span> <span class='ocrx_word' id='word_1_189' title='bbox 1142 2423 1248 2484; x_wconf 90' lang='lat' dir='ltr'><strong>omnia</strong></span> <span class='ocrx_word' id='word_1_190' title='bbox 1271 2422 1330 2484; x_wconf 90' lang='lat' dir='ltr'><strong>alia</strong></span> <span class='ocrx_word' id='word_1_191' title='bbox 1354 2423 1534 2504; x_wconf 87' lang='lat' dir='ltr'><strong>exempla3</strong></span> 
     </span>
    </p>
   </div>
   <div class='ocr_carea' id='block_1_3' title="bbox 160 2528 1600 2640">
    <p class='ocr_par' dir='ltr' id='par_1_7' title="bbox 160 2528 1600 2640">
     <span class='ocr_line' id='line_1_21' title="bbox 160 2528 1600 2640; baseline 0.001 -51"><span class='ocrx_word' id='word_1_192' title='bbox 160 2565 171 2578; x_wconf 70' lang='grc'><strong>»</strong></span> <span class='ocrx_word' id='word_1_193' title='bbox 238 2549 264 2590; x_wconf 81' lang='lat' dir='ltr'><strong>m</strong></span> <span class='ocrx_word' id='word_1_194' title='bbox 277 2540 490 2614; x_wconf 85' lang='lat' dir='ltr'><strong>praeteream,</strong></span> <span class='ocrx_word' id='word_1_195' title='bbox 522 2540 555 2594; x_wconf 90' lang='lat' dir='ltr'><strong>ut</strong></span> <span class='ocrx_word' id='word_1_196' title='bbox 586 2532 699 2599; x_wconf 87' lang='lat' dir='ltr'><strong>inme</strong></span> <span class='ocrx_word' id='word_1_197' title='bbox 730 2551 856 2612; x_wconf 89' lang='lat' dir='ltr'><strong>quoque</strong></span> <span class='ocrx_word' id='word_1_198' title='bbox 886 2530 955 2610; x_wconf 90' lang='lat' dir='ltr'><strong>ipso</strong></span> <span class='ocrx_word' id='word_1_199' title='bbox 986 2529 1045 2591; x_wconf 87' lang='lat' dir='ltr'><strong>alia</strong></span> <span class='ocrx_word' id='word_1_200' title='bbox 1076 2539 1198 2608; x_wconf 78' lang='lat' dir='ltr'><strong>taceam</strong></span> <span class='ocrx_word' id='word_1_201' title='bbox 1224 2528 1346 2603; x_wconf 85' lang='lat' dir='ltr'><strong>lunera,</strong></span> <span class='ocrx_word' id='word_1_202' title='bbox 1378 2529 1429 2590; x_wconf 89' lang='lat' dir='ltr'><strong>bis</strong></span> <span class='ocrx_word' id='word_1_203' title='bbox 1453 2549 1503 2590; x_wconf 91' lang='lat' dir='ltr'><strong>me</strong></span> <span class='ocrx_word' id='word_1_204' title='bbox 1599 2545 1600 2640; x_wconf 52' lang='lat' dir='ltr'><strong>p</strong></span> 
     </span>
    </p>
   </div>
   <div class='ocr_carea' id='block_1_4' title="bbox 239 2634 1600 3681">
    <p class='ocr_par' dir='ltr' id='par_1_8' title="bbox 278 2634 1600 3042">
     <span class='ocr_line' id='line_1_22' title="bbox 278 2634 1600 2724; baseline -0.004 -22"><span class='ocrx_word' id='word_1_205' title='bbox 278 2640 414 2702; x_wconf 88' lang='lat' dir='ltr'><strong>fraterno</strong></span> <span class='ocrx_word' id='word_1_206' title='bbox 445 2637 529 2700; x_wconf 89' lang='lat' dir='ltr'><strong>luctu</strong></span> <span class='ocrx_word' id='word_1_207' title='bbox 552 2639 704 2719; x_wconf 86' lang='lat' dir='ltr'><strong>adgressa</strong></span> <span class='ocrx_word' id='word_1_208' title='bbox 726 2637 851 2700; x_wconf 79' lang='lat' dir='ltr'><strong>fortuna</strong></span> <span class='ocrx_word' id='word_1_209' title='bbox 874 2646 937 2710; x_wconf 90' lang='lat' dir='ltr'><strong>est,</strong></span> <span class='ocrx_word' id='word_1_210' title='bbox 969 2634 1018 2698; x_wconf 92' lang='lat' dir='ltr'><strong>bis</strong></span> <span class='ocrx_word' id='word_1_211' title='bbox 1041 2635 1195 2697; x_wconf 85' lang='lat' dir='ltr'><strong>intellexit</strong></span> <span class='ocrx_word' id='word_1_212' title='bbox 1218 2635 1300 2698; x_wconf 91' lang='lat' dir='ltr'><strong>laedi</strong></span> <span class='ocrx_word' id='word_1_213' title='bbox 1323 2656 1376 2698; x_wconf 92' lang='lat' dir='ltr'><strong>me</strong></span> <span class='ocrx_word' id='word_1_214' title='bbox 1399 2656 1500 2717; x_wconf 86' lang='lat' dir='ltr'><strong>posse,</strong></span> <span class='ocrx_word' id='word_1_215' title='bbox 1599 2657 1600 2724; x_wconf 52' lang='grc' dir='ltr'>ᾗ</span> 
     </span>
     <span class='ocr_line' id='line_1_23' title="bbox 278 2731 1600 2829; baseline -0.005 -21"><span class='ocrx_word' id='word_1_216' title='bbox 278 2748 357 2809; x_wconf 91' lang='lat' dir='ltr'><strong>uinci</strong></span> <span class='ocrx_word' id='word_1_217' title='bbox 395 2767 458 2808; x_wconf 91' lang='lat' dir='ltr'><strong>non</strong></span> <span class='ocrx_word' id='word_1_218' title='bbox 497 2766 611 2827; x_wconf 87' lang='lat' dir='ltr'><strong>posse:</strong></span> <span class='ocrx_word' id='word_1_219' title='bbox 652 2746 740 2806; x_wconf 90' lang='lat' dir='ltr'><strong>amisi</strong></span> <span class='ocrx_word' id='word_1_220' title='bbox 772 2735 994 2806; x_wconf 85' lang='lat' dir='ltr'><strong>Germanicum</strong></span> <span class='ocrx_word' id='word_1_221' title='bbox 1025 2741 1170 2816; x_wconf 81' lang='lat' dir='ltr'><strong>fratrem,</strong></span> <span class='ocrx_word' id='word_1_222' title='bbox 1198 2763 1303 2829; x_wconf 78' lang='lat' dir='ltr'><strong>¹quem</strong></span> <span class='ocrx_word' id='word_1_223' title='bbox 1335 2744 1502 2823; x_wconf 90' lang='lat' dir='ltr'><strong>quomodo</strong></span> <span class='ocrx_word' id='word_1_224' title='bbox 1599 2731 1600 2768; x_wconf 71' lang='lat'>³</span> 
     </span>
     <span class='ocr_line' id='line_1_24' title="bbox 278 2848 1502 2934; baseline -0.007 -18"><span class='ocrx_word' id='word_1_225' title='bbox 278 2856 459 2929; x_wconf 87' lang='lat' dir='ltr'><strong>amauerim,</strong></span> <span class='ocrx_word' id='word_1_226' title='bbox 481 2852 633 2934; x_wconf 88' lang='lat' dir='ltr'><strong>intellegit</strong></span> <span class='ocrx_word' id='word_1_227' title='bbox 653 2851 795 2932; x_wconf 83' lang='lat' dir='ltr'><strong>prolecto</strong></span> <span class='ocrx_word' id='word_1_228' title='bbox 812 2851 950 2934; x_wconf 84' lang='lat' dir='ltr'><strong>quisquis</strong></span> <span class='ocrx_word' id='word_1_229' title='bbox 967 2850 1093 2930; x_wconf 85' lang='lat' dir='ltr'><strong>cogitat,</strong></span> <span class='ocrx_word' id='word_1_230' title='bbox 1118 2851 1284 2929; x_wconf 92' lang='lat' dir='ltr'><strong>quomodo</strong></span> <span class='ocrx_word' id='word_1_231' title='bbox 1300 2869 1376 2911; x_wconf 93' lang='lat' dir='ltr'><strong>suos</strong></span> <span class='ocrx_word' id='word_1_232' title='bbox 1393 2848 1502 2911; x_wconf 83' lang='lat' dir='ltr'><strong>fratres</strong></span> 
     </span>
     <span class='ocr_line' id='line_1_25' title="bbox 278 2955 1499 3042; baseline -0.006 -20"><span class='ocrx_word' id='word_1_233' title='bbox 278 2962 320 3042; x_wconf 92' lang='lat' dir='ltr'><strong>pii</strong></span> <span class='ocrx_word' id='word_1_234' title='bbox 350 2960 459 3022; x_wconf 79' lang='lat' dir='ltr'><strong>iratres</strong></span> <span class='ocrx_word' id='word_1_235' title='bbox 483 2968 598 3021; x_wconf 88' lang='lat' dir='ltr'><strong>ament.</strong></span> <span class='ocrx_word' id='word_1_236' title='bbox 645 2960 689 3020; x_wconf 90' lang='lat' dir='ltr'><strong>sic</strong></span> <span class='ocrx_word' id='word_1_237' title='bbox 712 2968 818 3021; x_wconf 91' lang='lat' dir='ltr'><strong>tamen</strong></span> <span class='ocrx_word' id='word_1_238' title='bbox 843 2955 1002 3019; x_wconf 87' lang='lat' dir='ltr'><strong>adfectum</strong></span> <span class='ocrx_word' id='word_1_239' title='bbox 1027 2977 1132 3018; x_wconf 91' lang='lat' dir='ltr'><strong>meum</strong></span> <span class='ocrx_word' id='word_1_240' title='bbox 1158 2957 1241 3030; x_wconf 89' lang='lat' dir='ltr'><strong>rexi,</strong></span> <span class='ocrx_word' id='word_1_241' title='bbox 1273 2963 1306 3016; x_wconf 95' lang='lat' dir='ltr'><strong>ut</strong></span> <span class='ocrx_word' id='word_1_242' title='bbox 1330 2975 1390 3016; x_wconf 92' lang='lat' dir='ltr'><strong>nec</strong></span> <span class='ocrx_word' id='word_1_243' title='bbox 1414 2955 1499 3017; x_wconf 92' lang='lat' dir='ltr'><strong>relin-</strong></span> 
     </span>
    </p>

    <p class='ocr_par' dir='ltr' id='par_1_9' title="bbox 239 3059 1578 3253">
     <span class='ocr_line' id='line_1_26' title="bbox 239 3059 1578 3147; baseline -0.001 -24"><span class='ocrx_word' id='word_1_244' title='bbox 239 3083 265 3123; x_wconf 77' lang='lat' dir='ltr'><strong>as</strong></span> <span class='ocrx_word' id='word_1_245' title='bbox 279 3088 408 3147; x_wconf 90' lang='lat' dir='ltr'><strong>querem</strong></span> <span class='ocrx_word' id='word_1_246' title='bbox 432 3068 609 3146; x_wconf 87' lang='lat' dir='ltr'><strong>quicquam,</strong></span> <span class='ocrx_word' id='word_1_247' title='bbox 633 3067 719 3145; x_wconf 87' lang='lat' dir='ltr'><strong>quod</strong></span> <span class='ocrx_word' id='word_1_248' title='bbox 745 3065 829 3145; x_wconf 87' lang='lat' dir='ltr'><strong>exigi</strong></span> <span class='ocrx_word' id='word_1_249' title='bbox 852 3064 985 3126; x_wconf 88' lang='lat' dir='ltr'><strong>deberet</strong></span> <span class='ocrx_word' id='word_1_250' title='bbox 1009 3084 1027 3124; x_wconf 90' lang='lat' dir='ltr'><strong>a</strong></span> <span class='ocrx_word' id='word_1_251' title='bbox 1047 3064 1135 3125; x_wconf 92' lang='lat' dir='ltr'><strong>bono</strong></span> <span class='ocrx_word' id='word_1_252' title='bbox 1156 3063 1259 3137; x_wconf 80' lang='lat' dir='ltr'><strong>fratre,</strong></span> <span class='ocrx_word' id='word_1_253' title='bbox 1283 3083 1341 3124; x_wconf 92' lang='lat' dir='ltr'><strong>nec</strong></span> <span class='ocrx_word' id='word_1_254' title='bbox 1357 3059 1502 3133; x_wconf 84' lang='lat' dir='ltr'><strong>lacerem,</strong></span> <span class='ocrx_word' id='word_1_255' title='bbox 1577 3087 1578 3090; x_wconf 41' lang='lat'>¹</span> 
     </span>
     <span class='ocr_line' id='line_1_27' title="bbox 279 3171 932 3253; baseline -0.006 -19"><span class='ocrx_word' id='word_1_256' title='bbox 279 3175 364 3253; x_wconf 92' lang='lat' dir='ltr'><strong>quod</strong></span> <span class='ocrx_word' id='word_1_257' title='bbox 389 3172 575 3253; x_wconf 83' lang='lat' dir='ltr'><strong>reprehendi</strong></span> <span class='ocrx_word' id='word_1_258' title='bbox 598 3181 708 3253; x_wconf 89' lang='lat' dir='ltr'><strong>posset</strong></span> <span class='ocrx_word' id='word_1_259' title='bbox 732 3171 762 3232; x_wconf 93' lang='lat' dir='ltr'><strong>in</strong></span> <span class='ocrx_word' id='word_1_260' title='bbox 785 3172 932 3252; x_wconf 90' lang='lat' dir='ltr'><strong>principe.</strong></span> 
     </span>
    </p>

    <p class='ocr_par' dir='ltr' id='par_1_10' title="bbox 279 3272 1535 3574">
     <span class='ocr_line' id='line_1_28' title="bbox 368 3272 1535 3358; baseline -0.003 -16"><span class='ocrx_word' id='word_1_261' title='bbox 368 3279 457 3343; x_wconf 90' lang='lat' dir='ltr'><strong>Haec</strong></span> <span class='ocrx_word' id='word_1_262' title='bbox 496 3298 572 3358; x_wconf 87' lang='lat' dir='ltr'><strong>ergo</strong></span> <span class='ocrx_word' id='word_1_263' title='bbox 611 3286 687 3358; x_wconf 91' lang='lat' dir='ltr'><strong>puta</strong></span> <span class='ocrx_word' id='word_1_264' title='bbox 724 3277 780 3338; x_wconf 93' lang='lat' dir='ltr'><strong>tibi</strong></span> <span class='ocrx_word' id='word_1_265' title='bbox 810 3285 974 3358; x_wconf 89' lang='lat' dir='ltr'><strong>parentem</strong></span> <span class='ocrx_word' id='word_1_266' title='bbox 1008 3275 1166 3357; x_wconf 89' lang='lat' dir='ltr'><strong>publicum</strong></span> <span class='ocrx_word' id='word_1_267' title='bbox 1198 3275 1312 3338; x_wconf 82' lang='lat' dir='ltr'><strong>referre</strong></span> <span class='ocrx_word' id='word_1_268' title='bbox 1344 3272 1535 3356; x_wconf 68' lang='lat' dir='ltr'><strong>exemplat</strong></span> 
     </span>
     <span class='ocr_line' id='line_1_29' title="bbox 280 3379 1503 3464; baseline -0.004 -18"><span class='ocrx_word' id='word_1_269' title='bbox 280 3388 415 3448; x_wconf 91' lang='lat' dir='ltr'><strong>eundem</strong></span> <span class='ocrx_word' id='word_1_270' title='bbox 447 3387 632 3460; x_wconf 87' lang='lat' dir='ltr'><strong>ostendere,</strong></span> <span class='ocrx_word' id='word_1_271' title='bbox 663 3405 758 3464; x_wconf 89' lang='lat' dir='ltr'><strong>quam</strong></span> <span class='ocrx_word' id='word_1_272' title='bbox 789 3383 862 3446; x_wconf 92' lang='lat' dir='ltr'><strong>nihil</strong></span> <span class='ocrx_word' id='word_1_273' title='bbox 893 3404 1015 3446; x_wconf 89' lang='lat' dir='ltr'><strong>sacrum</strong></span> <span class='ocrx_word' id='word_1_274' title='bbox 1048 3385 1263 3462; x_wconf 89' lang='lat' dir='ltr'><strong>intactumque</strong></span> <span class='ocrx_word' id='word_1_275' title='bbox 1286 3382 1326 3443; x_wconf 93' lang='lat' dir='ltr'><strong>sit</strong></span> <span class='ocrx_word' id='word_1_276' title='bbox 1350 3379 1503 3455; x_wconf 82' lang='lat' dir='ltr'><strong>fortunae,</strong></span> 
     </span>
     <span class='ocr_line' id='line_1_30' title="bbox 279 3487 1504 3574; baseline -0.005 -20"><span class='ocrx_word' id='word_1_277' title='bbox 279 3514 360 3574; x_wconf 91' lang='lat' dir='ltr'><strong>quae</strong></span> <span class='ocrx_word' id='word_1_278' title='bbox 383 3487 425 3554; x_wconf 87' lang='lat' dir='ltr'><strong>ex</strong></span> <span class='ocrx_word' id='word_1_279' title='bbox 448 3494 492 3554; x_wconf 93' lang='lat' dir='ltr'><strong>eis</strong></span> <span class='ocrx_word' id='word_1_280' title='bbox 515 3490 680 3574; x_wconf 89' lang='lat' dir='ltr'><strong>penatibus</strong></span> <span class='ocrx_word' id='word_1_281' title='bbox 704 3507 783 3552; x_wconf 86' lang='lat' dir='ltr'><strong>ausa¹</strong></span> <span class='ocrx_word' id='word_1_282' title='bbox 802 3499 851 3554; x_wconf 88' lang='lat' dir='ltr'><strong>est</strong></span> <span class='ocrx_word' id='word_1_283' title='bbox 874 3489 981 3552; x_wconf 84' lang='lat' dir='ltr'><strong>lunera</strong></span> <span class='ocrx_word' id='word_1_284' title='bbox 1001 3490 1124 3564; x_wconf 89' lang='lat' dir='ltr'><strong>ducere,</strong></span> <span class='ocrx_word' id='word_1_285' title='bbox 1148 3510 1191 3551; x_wconf 87' lang='lat' dir='ltr'><strong>ex</strong></span> <span class='ocrx_word' id='word_1_286' title='bbox 1211 3489 1324 3570; x_wconf 94' lang='lat' dir='ltr'><strong>quibus</strong></span> <span class='ocrx_word' id='word_1_287' title='bbox 1341 3498 1409 3550; x_wconf 85' lang='lat' dir='ltr'><strong>erat</strong></span> <span class='ocrx_word' id='word_1_288' title='bbox 1425 3489 1504 3549; x_wconf 91' lang='lat' dir='ltr'><strong>deos</strong></span> 
     </span>
    </p>

    <p class='ocr_par' dir='ltr' id='par_1_11' title="bbox 239 3593 1504 3681">
     <span class='ocr_line' id='line_1_31' title="bbox 239 3593 1504 3681; baseline -0.006 -20"><span class='ocrx_word' id='word_1_289' title='bbox 239 3617 264 3654; x_wconf 72' lang='lat'><strong>30</strong></span> <span class='ocrx_word' id='word_1_290' title='bbox 279 3600 421 3681; x_wconf 89' lang='lat' dir='ltr'><strong>petitura.</strong></span> <span class='ocrx_word' id='word_1_291' title='bbox 467 3620 562 3661; x_wconf 91' lang='lat' dir='ltr'><strong>nemo</strong></span> <span class='ocrx_word' id='word_1_292' title='bbox 593 3600 698 3679; x_wconf 90' lang='lat' dir='ltr'><strong>itaque</strong></span> <span class='ocrx_word' id='word_1_293' title='bbox 729 3599 857 3659; x_wconf 91' lang='lat' dir='ltr'><strong>miretur</strong></span> <span class='ocrx_word' id='word_1_294' title='bbox 888 3597 1003 3677; x_wconf 90' lang='lat' dir='ltr'><strong>aliquid</strong></span> <span class='ocrx_word' id='word_1_295' title='bbox 1032 3596 1073 3657; x_wconf 89' lang='lat' dir='ltr'><strong>ab</strong></span> <span class='ocrx_word' id='word_1_296' title='bbox 1097 3595 1148 3657; x_wconf 87' lang='lat' dir='ltr'><strong>illa</strong></span> <span class='ocrx_word' id='word_1_297' title='bbox 1171 3605 1224 3657; x_wconf 89' lang='lat' dir='ltr'><strong>aut</strong></span> <span class='ocrx_word' id='word_1_298' title='bbox 1248 3594 1415 3656; x_wconf 89' lang='lat' dir='ltr'><strong>crudeliter</strong></span> <span class='ocrx_word' id='word_1_299' title='bbox 1439 3593 1504 3654; x_wconf 90' lang='lat' dir='ltr'><strong>fieri</strong></span> 
     </span>
    </p>
   </div>
   <div class='ocr_carea' id='block_1_5' title="bbox 200 3837 1600 4545">
    <p class='ocr_par' dir='ltr' id='par_1_12' title="bbox 200 3837 1600 3900">
     <span class='ocr_line' id='line_1_32' title="bbox 200 3837 1600 3900; baseline -0.006 0"><span class='ocrx_word' id='word_1_300' title='bbox 200 3872 203 3880; x_wconf 72' lang='lat'>=</span> <span class='ocrx_word' id='word_1_301' title='bbox 282 3847 402 3900; x_wconf 81' lang='lat' dir='ltr'><strong>2intima</strong></span> <span class='ocrx_word' id='word_1_302' title='bbox 421 3847 545 3896; x_wconf 85' lang='lat' dir='ltr'><strong>Germane</strong></span> <span class='ocrx_word' id='word_1_303' title='bbox 557 3844 638 3899; x_wconf 82' lang='lat' dir='ltr'><strong>BDE</strong></span> <span class='ocrx_word' id='word_1_304' title='bbox 725 3845 794 3898; x_wconf 84' lang='lat' dir='ltr'><strong>6ad</strong></span> <span class='ocrx_word' id='word_1_305' title='bbox 812 3846 957 3896; x_wconf 85' lang='lat' dir='ltr'><strong>mortemB</strong></span> <span class='ocrx_word' id='word_1_306' title='bbox 1046 3842 1129 3895; x_wconf 84' lang='lat' dir='ltr'><strong>7non</strong></span> <span class='ocrx_word' id='word_1_307' title='bbox 1148 3847 1212 3895; x_wconf 78' lang='lat' dir='ltr'><strong>ante</strong></span> <span class='ocrx_word' id='word_1_308' title='bbox 1229 3841 1350 3890; x_wconf 85' lang='lat' dir='ltr'><strong>militandi</strong></span> <span class='ocrx_word' id='word_1_309' title='bbox 1371 3837 1507 3892; x_wconf 75' lang='lat' dir='ltr'><strong>omittirE</strong></span> <span class='ocrx_word' id='word_1_310' title='bbox 1599 3883 1600 3892; x_wconf 68' lang='grc'>,</span> 
     </span>
    </p>

    <p class='ocr_par' dir='ltr' id='par_1_13' title="bbox 369 3923 1600 4091">
     <span class='ocr_line' id='line_1_33' title="bbox 369 3923 1600 4002; baseline -0.009 -12"><span class='ocrx_word' id='word_1_311' title='bbox 369 3934 542 3990; x_wconf 81' lang='lat' dir='ltr'><strong>8colendi1)</strong></span> <span class='ocrx_word' id='word_1_312' title='bbox 631 3936 672 3984; x_wconf 90' lang='lat' dir='ltr'><strong>ille</strong></span> <span class='ocrx_word' id='word_1_313' title='bbox 690 3935 805 3986; x_wconf 82' lang='lat' dir='ltr'><strong>lacrimas</strong></span> <span class='ocrx_word' id='word_1_314' title='bbox 817 3948 902 4002; x_wconf 78' lang='lat' dir='ltr'><strong>usque</strong></span> <span class='ocrx_word' id='word_1_315' title='bbox 915 3931 954 3986; x_wconf 84' lang='lat' dir='ltr'><strong>ad</strong></span> <span class='ocrx_word' id='word_1_316' title='bbox 965 3933 1089 3998; x_wconf 82' lang='lat' dir='ltr'><strong>pressisset</strong></span> <span class='ocrx_word' id='word_1_317' title='bbox 1101 3931 1198 3986; x_wconf 75' lang='lat' dir='ltr'><strong>omittit</strong></span> <span class='ocrx_word' id='word_1_318' title='bbox 1211 3927 1256 3983; x_wconf 74' lang='grc' dir='ltr'><strong>Εν</strong></span> <span class='ocrx_word' id='word_1_319' title='bbox 1325 3929 1358 3982; x_wconf 88' lang='grc'><strong>10</strong></span> <span class='ocrx_word' id='word_1_320' title='bbox 1372 3946 1402 3978; x_wconf 90' lang='lat' dir='ltr'><strong>eo</strong></span> <span class='ocrx_word' id='word_1_321' title='bbox 1417 3926 1504 3994; x_wconf 83' lang='lat' dir='ltr'><strong>quoB</strong></span> <span class='ocrx_word' id='word_1_322' title='bbox 1599 3923 1600 3928; x_wconf 34' lang='lat'>¹</span> 
     </span>
     <span class='ocr_line' id='line_1_34' title="bbox 371 4001 1447 4091; baseline -0.006 -13"><span class='ocrx_word' id='word_1_323' title='bbox 371 4026 402 4078; x_wconf 91' lang='lat'><strong>11</strong></span> <span class='ocrx_word' id='word_1_324' title='bbox 418 4042 515 4091; x_wconf 78' lang='lat' dir='ltr'><strong>remp.</strong></span> <span class='ocrx_word' id='word_1_325' title='bbox 530 4028 555 4076; x_wconf 90' lang='lat' dir='ltr'><em>B</em></span> <span class='ocrx_word' id='word_1_326' title='bbox 627 4025 751 4073; x_wconf 85' lang='lat' dir='ltr'><strong>triumuira</strong></span> <span class='ocrx_word' id='word_1_327' title='bbox 763 4028 882 4088; x_wconf 81' lang='lat' dir='ltr'><strong>potestate</strong></span> <span class='ocrx_word' id='word_1_328' title='bbox 896 4021 922 4074; x_wconf 89' lang='lat' dir='ltr'><em>B</em></span> <span class='ocrx_word' id='word_1_329' title='bbox 994 4021 1028 4074; x_wconf 84' lang='lat'><strong>12</strong></span> <span class='ocrx_word' id='word_1_330' title='bbox 1041 4027 1064 4070; x_wconf 89' lang='lat' dir='ltr'><strong>et</strong></span> <span class='ocrx_word' id='word_1_331' title='bbox 1077 4023 1184 4086; x_wconf 88' lang='lat' dir='ltr'><strong>exceptis</strong></span> <span class='ocrx_word' id='word_1_332' title='bbox 1200 4017 1277 4073; x_wconf 76' lang='lat' dir='ltr'><strong>BDlr&#39;</strong></span> <span class='ocrx_word' id='word_1_333' title='bbox 1287 4001 1374 4070; x_wconf 68' lang='lat' dir='ltr'><strong>elom.</strong></span> <span class='ocrx_word' id='word_1_334' title='bbox 1389 4016 1417 4072; x_wconf 83' lang='lat' dir='ltr'><em>E</em></span> <span class='ocrx_word' id='word_1_335' title='bbox 1423 4021 1447 4059; x_wconf 78' lang='lat'><strong>⁴-</strong></span> 
     </span>
    </p>

    <p class='ocr_par' dir='ltr' id='par_1_14' title="bbox 283 4107 1505 4182">
     <span class='ocr_line' id='line_1_35' title="bbox 283 4107 1505 4182; baseline -0.01 -17"><span class='ocrx_word' id='word_1_336' title='bbox 283 4113 314 4165; x_wconf 76' lang='lat'><strong>15</strong></span> <span class='ocrx_word' id='word_1_337' title='bbox 334 4116 396 4164; x_wconf 88' lang='lat' dir='ltr'><strong>mihi</strong></span> <span class='ocrx_word' id='word_1_338' title='bbox 409 4117 528 4164; x_wconf 87' lang='lat' dir='ltr'><strong>Antonius</strong></span> <span class='ocrx_word' id='word_1_339' title='bbox 548 4114 655 4163; x_wconf 91' lang='lat' dir='ltr'><strong>ciuilium</strong></span> <span class='ocrx_word' id='word_1_340' title='bbox 675 4129 771 4162; x_wconf 90' lang='lat' dir='ltr'><strong>suorum</strong></span> <span class='ocrx_word' id='word_1_341' title='bbox 791 4113 853 4162; x_wconf 88' lang='lat' dir='ltr'><strong>uitas</strong></span> <span class='ocrx_word' id='word_1_342' title='bbox 870 4112 962 4182; x_wconf 82' lang='lat' dir='ltr'><strong>¹edebat</strong></span> <span class='ocrx_word' id='word_1_343' title='bbox 974 4107 1029 4164; x_wconf 82' lang='lat' dir='ltr'><strong>DE</strong></span> <span class='ocrx_word' id='word_1_344' title='bbox 1118 4109 1149 4162; x_wconf 85' lang='grc'><strong>16</strong></span> <span class='ocrx_word' id='word_1_345' title='bbox 1169 4111 1248 4160; x_wconf 85' lang='lat' dir='ltr'><strong>fratris</strong></span> <span class='ocrx_word' id='word_1_346' title='bbox 1261 4107 1289 4160; x_wconf 85' lang='lat' dir='ltr'><em>E</em></span> <span class='ocrx_word' id='word_1_347' title='bbox 1377 4109 1505 4157; x_wconf 84' lang='lat' dir='ltr'><strong>iubebatur</strong></span> 
     </span>
    </p>

    <p class='ocr_par' dir='ltr' id='par_1_15' title="bbox 280 4193 1416 4276">
     <span class='ocr_line' id='line_1_36' title="bbox 280 4193 1416 4276; baseline -0.007 -20"><span class='ocrx_word' id='word_1_348' title='bbox 280 4201 363 4276; x_wconf 67' lang='lat' dir='ltr'><strong>uulgo</strong></span> <span class='ocrx_word' id='word_1_349' title='bbox 375 4205 503 4253; x_wconf 86' lang='lat' dir='ltr'><strong>uidebatur</strong></span> <span class='ocrx_word' id='word_1_350' title='bbox 523 4199 603 4255; x_wconf 83' lang='lat' dir='ltr'><strong>BDE</strong></span> <span class='ocrx_word' id='word_1_351' title='bbox 690 4201 724 4254; x_wconf 83' lang='lat'><strong>17</strong></span> <span class='ocrx_word' id='word_1_352' title='bbox 744 4204 778 4254; x_wconf 90' lang='lat' dir='ltr'><strong>M.</strong></span> <span class='ocrx_word' id='word_1_353' title='bbox 793 4203 912 4250; x_wconf 86' lang='lat' dir='ltr'><strong>Antonius</strong></span> <span class='ocrx_word' id='word_1_354' title='bbox 930 4198 1042 4253; x_wconf 78' lang='lat' dir='ltr'><strong>r&#39;aduoer&#39;t</strong></span> <span class='ocrx_word' id='word_1_355' title='bbox 1054 4197 1179 4254; x_wconf 79' lang='lat' dir='ltr'><strong>Muretus</strong></span> <span class='ocrx_word' id='word_1_356' title='bbox 1270 4197 1302 4251; x_wconf 75' lang='lat'><strong>18.</strong></span> <span class='ocrx_word' id='word_1_357' title='bbox 1320 4213 1369 4262; x_wconf 91' lang='lat' dir='ltr'><strong>quo</strong></span> <span class='ocrx_word' id='word_1_358' title='bbox 1389 4193 1416 4248; x_wconf 93' lang='lat' dir='ltr'><em>B</em></span> 
     </span>
    </p>

    <p class='ocr_par' dir='ltr' id='par_1_16' title="bbox 281 4279 1419 4360">
     <span class='ocr_line' id='line_1_37' title="bbox 281 4279 1419 4360; baseline -0.004 -18"><span class='ocrx_word' id='word_1_359' title='bbox 281 4294 303 4342; x_wconf 89' lang='lat' dir='ltr'><strong>ei</strong></span> <span class='ocrx_word' id='word_1_360' title='bbox 322 4293 405 4356; x_wconf 89' lang='lat' dir='ltr'><strong>lugere</strong></span> <span class='ocrx_word' id='word_1_361' title='bbox 423 4291 510 4360; x_wconf 81' lang='lat' dir='ltr'><strong>Neap.</strong></span> <span class='ocrx_word' id='word_1_362' title='bbox 531 4293 581 4340; x_wconf 89' lang='lat' dir='ltr'><strong>eius</strong></span> <span class='ocrx_word' id='word_1_363' title='bbox 600 4291 683 4355; x_wconf 89' lang='lat' dir='ltr'><strong>lugere</strong></span> <span class='ocrx_word' id='word_1_364' title='bbox 702 4289 783 4343; x_wconf 80' lang='lat' dir='ltr'><strong>BDE</strong></span> <span class='ocrx_word' id='word_1_365' title='bbox 883 4289 916 4342; x_wconf 89' lang='grc'><strong>19</strong></span> <span class='ocrx_word' id='word_1_366' title='bbox 935 4291 1067 4340; x_wconf 90' lang='lat' dir='ltr'><strong>lectionum</strong></span> <span class='ocrx_word' id='word_1_367' title='bbox 1080 4286 1108 4340; x_wconf 88' lang='lat' dir='ltr'><em>E</em></span> <span class='ocrx_word' id='word_1_368' title='bbox 1201 4287 1343 4352; x_wconf 86' lang='lat' dir='ltr'><strong>sanguinem</strong></span> <span class='ocrx_word' id='word_1_369' title='bbox 1367 4279 1419 4338; x_wconf 80' lang='grc' dir='ltr'><strong>ΒΕ</strong></span> 
     </span>
    </p>

    <p class='ocr_par' dir='ltr' id='par_1_17' title="bbox 280 4373 1415 4446">
     <span class='ocr_line' id='line_1_38' title="bbox 280 4373 1415 4446; baseline -0.004 -16"><span class='ocrx_word' id='word_1_370' title='bbox 280 4397 365 4446; x_wconf 89' lang='lat' dir='ltr'><strong>parem</strong></span> <span class='ocrx_word' id='word_1_371' title='bbox 378 4383 437 4430; x_wconf 86' lang='lat' dir='ltr'><strong>dare</strong></span> <span class='ocrx_word' id='word_1_372' title='bbox 450 4377 478 4432; x_wconf 91' lang='grc' dir='ltr'><em>Ε</em></span> <span class='ocrx_word' id='word_1_373' title='bbox 565 4378 597 4431; x_wconf 84' lang='grc'><strong>21</strong></span> <span class='ocrx_word' id='word_1_374' title='bbox 618 4397 723 4444; x_wconf 90' lang='lat' dir='ltr'><strong>superno</strong></span> <span class='ocrx_word' id='word_1_375' title='bbox 732 4380 807 4430; x_wconf 73' lang='lat' dir='ltr'><strong>luctu</strong></span> <span class='ocrx_word' id='word_1_376' title='bbox 819 4378 846 4432; x_wconf 91' lang='lat' dir='ltr'><em>B</em></span> <span class='ocrx_word' id='word_1_377' title='bbox 930 4385 965 4428; x_wconf 85' lang='lat' dir='ltr'><strong>est</strong></span> <span class='ocrx_word' id='word_1_378' title='bbox 985 4379 1101 4430; x_wconf 88' lang='lat' dir='ltr'><strong>intellexit</strong></span> <span class='ocrx_word' id='word_1_379' title='bbox 1114 4375 1142 4430; x_wconf 93' lang='grc' dir='ltr'><em>Ε</em></span> <span class='ocrx_word' id='word_1_380' title='bbox 1158 4383 1192 4426; x_wconf 87' lang='lat' dir='ltr'><strong>est</strong></span> <span class='ocrx_word' id='word_1_381' title='bbox 1205 4378 1244 4426; x_wconf 89' lang='lat' dir='ltr'><strong>bis</strong></span> <span class='ocrx_word' id='word_1_382' title='bbox 1257 4374 1376 4439; x_wconf 89' lang='lat' dir='ltr'><strong>intellegit</strong></span> <span class='ocrx_word' id='word_1_383' title='bbox 1393 4373 1415 4426; x_wconf 84' lang='lat' dir='ltr'><em>B</em></span> 
     </span>
    </p>

    <p class='ocr_par' dir='ltr' id='par_1_18' title="bbox 281 4462 1255 4545">
     <span class='ocr_line' id='line_1_39' title="bbox 281 4462 1255 4545; baseline -0.003 -23"><span class='ocrx_word' id='word_1_384' title='bbox 281 4468 314 4522; x_wconf 76' lang='lat'><strong>23</strong></span> <span class='ocrx_word' id='word_1_385' title='bbox 340 4484 395 4545; x_wconf 77' lang='lat' dir='ltr'><strong>suos</strong></span> <span class='ocrx_word' id='word_1_386' title='bbox 414 4470 499 4519; x_wconf 83' lang='lat' dir='ltr'><strong>fratres</strong></span> <span class='ocrx_word' id='word_1_387' title='bbox 518 4467 641 4522; x_wconf 75' lang='lat' dir='ltr'><strong>omittunt</strong></span> <span class='ocrx_word' id='word_1_388' title='bbox 662 4466 714 4522; x_wconf 84' lang='lat' dir='ltr'><strong>DE</strong></span> <span class='ocrx_word' id='word_1_389' title='bbox 802 4465 836 4520; x_wconf 77' lang='lat'><strong>26</strong></span> <span class='ocrx_word' id='word_1_390' title='bbox 855 4465 977 4533; x_wconf 84' lang='lat' dir='ltr'><strong>possitB</strong></span> <span class='ocrx_word' id='word_1_391' title='bbox 1067 4462 1255 4531; x_wconf 86' lang='lat' dir='ltr'><strong>aprincipeD</strong></span> 
     </span>
    </p>
   </div>
   <div class='ocr_carea' id='block_1_6' title="bbox 0 0 1610 5318">
    <p class='ocr_par' dir='ltr' id='par_1_19' title="bbox 0 0 1610 5318">
     <span class='ocr_line' id='line_1_40' title="bbox 0 0 1610 5318; baseline 0 2"><span class='ocrx_word' id='word_1_392' title='bbox 0 0 1610 5318; x_wconf 95' lang='lat' dir='ltr'><strong> </strong></span> 
     </span>
    </p>
   </div>
  </div>
 </body>
</html>
