3184 5318
292 335 372 382 nme.
382 334 431 382 v11.
460 334 502 376 ΑΙ)
517 335 696 380 submonent
711 336 752 380 DE
765 337 837 380 VITA
852 337 958 382 ΒΕΑΤΑ.
988 341 1019 382 13.
1037 341 1069 384 ll.
1234 348 1295 410 167

87 483 140 566 quis
161 481 339 546 distinxerit
362 480 402 545 illi
426 480 621 566 uoluptates,
645 490 678 546 ut
701 483 793 559 sciat,
816 503 896 563 quae
921 505 963 546 ex
986 483 1030 548 eis
1053 483 1135 570 intra
1155 485 1297 552 naturale

87 589 258 654 desiderium
290 589 451 666 resistant,
482 609 564 672 quae
594 591 625 653 in
655 609 808 672 praeceps
840 589 978 654 ferantur
1008 590 1207 676 infinitaeque
1236 594 1298 658 sint

62 707 123 772 ret,
149 717 211 780 quo
235 697 337 778 magis
360 695 530 780 inplentur,
563 717 602 760 eo
625 697 728 780 magis
751 696 967 780 inexplebiles
1013 700 1168 778 agedum,
1200 703 1296 766 uirtus

85 805 251 868 antecedat:
278 811 381 866 tutum
405 803 464 866 erit
486 821 582 866 omne
607 803 782 886 uestigium.
818 803 870 886 [et]
895 803 1041 886 uoluptas
1065 816 1159 869 nocet
1183 807 1293 872 nimia:

85 913 108 973 in
127 911 234 974 uirtute
257 930 323 972 non
346 917 394 972 est
419 910 600 987 uerendum,
624 930 664 973 ne
687 910 762 992 quid
787 909 916 974 nimium
940 911 988 988 sit,
1011 912 1085 993 quia
1107 913 1137 975 in
1161 913 1228 997 ipsa
1248 893 1297 979 est
1324 937 1336 976 a

85 1018 191 1080 modus.
237 1036 302 1079 non
333 1026 383 1079 est
413 1016 551 1093 bonum,
580 1016 666 1099 quod
698 1017 916 1096 magnitudine
943 1015 1068 1082 laborat
1091 1039 1157 1083 sua.
1203 1021 1295 1084 ratio-

83 1123 204 1187 nabilem
235 1143 332 1205 porro
363 1124 481 1188 sortitis
511 1131 656 1188 naturam
688 1144 769 1206 quae
786 1124 904 1188 'melius
928 1145 977 1188 res
1000 1145 1095 1207 quam
1121 1126 1199 1190 ratio
1222 1147 1295 1209 pro·

82 1231 211 1314 ponitur?
235 1239 268 1294 et
291 1231 316 1294 si
338 1231 443 1313 placet
466 1231 526 1294 ista
548 1231 698 1308 iunctura,
720 1233 746 1294 si
769 1229 832 1294 hoc
854 1230 958 1314 placet
980 1233 1023 1295 ad
1047 1231 1174 1296 beatam
1199 1234 1296 1298 uitam

83 1340 117 1400 ire
137 1338 303 1413 comitatu,
335 1339 431 1402 uirtus
454 1338 638 1414 antecedat,
663 1339 831 1402 comitetur
854 1337 1000 1422 uoluptas
1023 1348 1055 1402 et
1078 1341 1159 1403 circa
1173 1353 1297 1424 'corpus

83 1453 108 1508 ut
129 1443 237 1508 umbra
260 1453 416 1508 uersetur:
444 1443 592 1508 uirtutem
615 1445 761 1527 quidem,
793 1443 1041 1510 excelsissimam
1065 1447 1214 1524 omnium,
1239 1468 1293 1510 uo·
1313 1468 1336 1510 ro

82 1551 178 1634 luptati
201 1553 326 1616 tradere
349 1549 493 1615 ancillam
517 1550 592 1616 nihil
615 1571 767 1636 magnum
791 1553 897 1616 animo
921 1553 1070 1636 capientis
1094 1563 1149 1616 est.

58 1676 64 1726 1
160 1658 246 1722 XIV.
292 1657 398 1721 Prima
419 1658 517 1722 uirtus
540 1667 608 1735 eat,
639 1657 718 1722 haec
741 1657 820 1722 ierat
843 1659 949 1742 signa:
975 1658 1163 1724 habebimus
1186 1658 1294 1724 nihilo-

81 1767 169 1830 minus
192 1763 399 1846 uoluptatem,
423 1765 481 1828 sed
505 1765 624 1828 domini
649 1766 714 1829 eius
730 1773 762 1828 et
779 1773 1010 1850 temperatores
1025 1767 1148 1830 erimus.
1179 1764 1296 1848 aliquid

80 1893 130 1936 nos
152 1872 304 1948 exorabit,
327 1872 401 1936 nihil
425 1882 531 1956 coget.
578 1882 610 1937 at
634 1873 677 1950 ei,
701 1872 755 1956 qui
778 1871 933 1956 uoluptati
957 1871 1115 1936 tradidere
1139 1873 1295 1956 principia,

79 1987 200 2062 utroque
231 1999 376 2042 caruere:
410 1959 559 2044 uirtutem
591 1980 674 2043 enim
702 1980 859 2043 amittunt.
906 1987 1046 2043 ceterum
1070 2000 1135 2043 non
1158 1977 1216 2063 ipsi
1238 2000 1294 2044 uo·
1313 2001 1336 2041 n

79 2084 237 2168 luptatem,
267 2086 326 2150 sed
357 2087 442 2169 ipsos
474 2085 620 2168 uoluptas
643 2085 758 2162 habet,
790 2086 875 2148 cuius
907 2094 960 2149 aut
983 2086 1088 2167 inopia
1111 2094 1296 2169 torquentur

80 2201 125 2255 aut
146 2193 234 2274 copia
256 2191 504 2274 strangulantur,
537 2193 656 2268 miseri,
688 2193 714 2254 si
738 2194 925 2257 deseruntur
948 2192 989 2254 ab
1012 2191 1078 2268 illa,
1111 2193 1295 2270 miseriores,

79 2299 99 2360 si
119 2299 297 2377 obruuntur,
319 2301 398 2363 sicut
422 2301 568 2384 deprensi
592 2300 669 2364 mari
692 2297 820 2382 Syrtico
845 2300 944 2363 modo
968 2300 997 2362 in
1018 2300 1101 2362 sicco
1118 2299 1293 2382 relinquun-

54 2413 136 2482 aur,
170 2407 268 2470 modo
305 2415 445 2484 torrente
478 2409 563 2470 unda
594 2399 790 2471 fluctuantur.
837 2407 941 2469 euenit
971 2416 1077 2470 autem
1108 2405 1171 2470 hoc
1200 2407 1296 2471 nimia

79 2512 304 2596 intemperantia
336 2523 369 2578 et
398 2533 509 2578 amore
540 2534 636 2578 caeco
667 2513 770 2577 malae
801 2513 852 2577 rei.
899 2533 973 2576 nam
1004 2511 1088 2576 mala
1117 2534 1176 2596 pro
1204 2512 1295 2579 bonis
1309 2533 1335 2576 ro

79 2621 184 2701 petenti
206 2620 417 2704 periculosum
440 2631 490 2686 est
512 2623 652 2705 adsequi.
701 2630 735 2684 ut
759 2620 839 2684 seras
863 2641 935 2684 cum
959 2619 1068 2684 labore
1093 2620 1295 2704 periculoque

80 2746 216 2790 uenamur
240 2736 272 2791 et
296 2737 459 2810 captarum
484 2748 611 2812 quoque
634 2727 756 2792 illarum
780 2727 913 2792 sollicita
936 2729 1096 2811 possessio
1120 2736 1177 2803 est,
1200 2749 1297 2810 saepe

79 2834 151 2896 enim
172 2834 289 2898 laniant
313 2835 477 2900 dominos:
505 2836 548 2899 ita
570 2835 690 2899 habent
713 2854 908 2918 se'magnae
932 2833 1128 2918 uoluptates:
1154 2836 1185 2896 in
1206 2855 1294 2916 mag-

80 2959 142 3002 num
165 2941 283 3005 malum
307 2961 436 3006 euasere
459 2950 634 3026 captaeque
658 2962 779 3024 cepere.
826 2963 907 3024 quae
930 2961 994 3024 quo
1017 2940 1121 3030 plures
1145 2940 1293 3004 maiores-

78 3067 131 3127 que
149 3057 229 3125 sunt,
253 3070 293 3114 eo
318 3047 368 3112 ille
391 3053 495 3113 minor
517 3043 555 3112 ac
577 3047 712 3132 plurium
729 3069 837 3112 seruus
853 3057 909 3125 est,
933 3069 1028 3131 quem
1044 3047 1164 3110 felicem
1183 3046 1294 3130 uolgus
1309 3067 1335 3110 rs

52 3153 211 3235 aadpellat.
263 3175 450 3238 permanere
486 3155 564 3219 libet
590 3156 622 3218 in
653 3155 713 3219 hac
743 3155 923 3250 etiamnunc
953 3154 1044 3218 huius
1075 3155 1118 3218 rei
1149 3155 1294 3238 imagine.

78 3263 340 3339 quemadmodum
363 3264 416 3348 qui
439 3263 611 3327 bestiarum
635 3261 748 3326 cubilia
769 3263 901 3344 indagat
924 3271 957 3324 et

507 3374 608 3450 laqueo
632 3379 749 3450 captare
763 3374 853 3452 seras

75 3557 123 3626 fait
136 3562 172 3631 Ι;);
193 3563 287 3635 recepi
306 3561 512 3634 Madut'pianum
531 3562 716 3618 coniecturam
735 3562 861 3634 quamuis
879 3577 934 3617 non
947 3576 1066 3632 prorsas
1085 3543 1203 3621 carmem
1232 3578 1293 3616 con·

78 3647 245 3722 laetatique
264 3655 386 3719 degener,
411 3655 506 3704 eiurans
525 3654 604 3704 uirum
622 3649 668 3707 uel
685 3653 765 3704 uirilie
856 3653 997 3705 2resistant
1014 3648 1066 3703 El:
1088 3653 1206 3702 desistant

79 3739 100 3786 in
120 3757 230 3808 praeceps
258 3740 431 3796 Gronovius:
457 3759 576 3810 praeceps
697 3741 712 3794 3
738 3742 869 3808 implentur
965 3740 981 3794 4
1008 3741 1120 3806 uoluptas
1147 3737 1243 3794 Curio:
1270 3748 1293 3791 et

78 3827 176 3894 uoluptas
271 3831 287 3884 5
313 3832 396 3896 nequit
415 3832 434 3898 (t
453 3831 481 3884 in
500 3831 517 3881 d
535 3832 609 3898 mut.)
707 3829 723 3884 9
749 3833 866 3882 comitatu
885 3829 1050 3886 deteriores:
1077 3831 1199 3882 comitatu

82 3914 108 3967 ll
128 3925 159 3968 est
177 3917 213 3986 (in
233 3920 301 3986 ras.)
410 3921 441 3974 12
466 3921 540 3971 uirtus
558 3926 607 3983 eat,
626 3922 688 3972 haec
707 3917 838 3988 Madur'p:
866 3920 940 3970 uirtus
959 3926 984 3970 at
1003 3917 1198 3985 (tinemut.)

79 4001 109 4054 13
125 4007 210 4074 aliquid
229 4007 249 4076 (t
267 4007 294 4061 in
309 4009 324 4056 d
338 4008 413 4074 mut.)
507 4007 540 4062 17
558 4009 738 4075 strangulantur
755 4009 837 4060 miseri
851 4005 1017 4063 deteriores:
1038 4007 1215 4073 strangulentur
1234 4024 1293 4056 ·an·

78 4093 137 4144 serisi
154 4095 277 4165 (praeter
296 4113 327 4148 an
345 4095 437 4151 omnia
455 4096 482 4151 in
501 4098 569 4164 ras.)
660 4096 694 4150 20
720 4113 796 4148 caeco
816 4097 896 4148 melae
915 4097 949 4147 rei
969 4093 1046 4150 Ilonlt
1065 4096 1151 4161 (caeco
1170 4096 1205 4144 rei
1223 4093 1291 4162 E’):

80 4186 194 4248 carcerei
302 4186 337 4240 22
361 4203 479 4237 uenamur
498 4193 521 4238 et
540 4192 667 4254 captarum
693 4185 794 4252 (omnia
813 4185 841 4238 in
860 4185 927 4252 ras.)
1036 4202 1094 4252 sepe
1202 4183 1235 4237 23
1260 4185 1294 4234 ita

79 4269 162 4322 habent
184 4291 208 4325 se
225 4292 334 4342 magnae
352 4277 489 4342 uoluptates
508 4273 623 4348 Mudut'q
649 4276 694 4342 (ita
719 4276 822 4326 habenti
846 4291 951 4340 magnas
971 4276 1105 4338 uoluptates
1124 4270 1291 4342 Bentleius)r

79 4357 113 4407 ita
128 4360 236 4415 habentes
255 4380 360 4430 magnes
379 4365 515 4432 uoluptates
606 4364 640 4418 24
665 4370 789 4432 captpqu
887 4363 920 4416 25
946 4363 1031 4430 uulgus
1126 4361 1161 4416 26
1186 4362 1294 4428 appellat

159 4452 263 4519 imagine
362 4451 396 4508 28
421 4456 485 4505 feras
506 4455 527 4522 (s
546 4454 572 4508 t'n
592 4451 659 4524 ras.)
