3184 5318
291 355 371 402 orsu.
381 355 432 400 vu.
459 355 503 420 pn
518 353 696 418 optutousu
712 355 752 398 oa
766 355 837 397 vrrs
852 353 959 398 suurn.
987 355 1021 398 as.
1036 355 1070 400 at.
1232 361 1293 423 177

84 507 143 570 estis
171 525 210 568 an
243 523 307 585 ego
338 503 394 567 uti·
414 501 529 568 diuitiis
561 503 687 567 nescio?
733 502 1006 585 quemadmodum
1038 505 1132 565 etiam
1160 501 1295 586 pedibus

84 616 133 676 suis
153 612 268 695 poterit
291 614 351 677 iter
375 609 546 687 conficere,
578 611 749 674 escendere
772 619 880 674 tamen
904 607 1078 673 uehiculum
1103 609 1219 676 malet:
1251 613 1296 677 sic

84 739 185 804 pauper
207 718 326 801 poterit
348 737 426 793 esse,
451 717 538 781 diues
562 716 657 794 uolet,
679 715 811 782 habebit
825 719 932 798 itaque
949 737 1036 799 opes,
1059 716 1116 780 sed
1133 728 1295 800 tamquam

84 828 153 890 leues
181 836 214 890 et
245 823 433 889 auolaturas.
479 844 538 888 nec
567 822 619 888 ulli
650 823 700 888 alii
731 843 791 888 nec
821 824 879 886 sibi
909 843 1022 904 graues
1050 845 1119 888 esse
1139 827 1298 922 ‘patietuq

60 933 199 998 adorabit
217 969 258 978 —
276 933 352 1013 quid
376 933 520 996 erexistis
544 935 656 996 aures?
680 932 756 1012 quid
780 932 938 1012 expeditis
961 933 1085 994 sinum?
1102 967 1141 978 -—
1163 932 1322 996 donabitu

84 1052 125 1106 aut
146 1041 234 1104 bonis
259 1050 315 1104 aut
337 1041 392 1115 eis,
415 1059 495 1120 quos
518 1038 621 1102 facere
644 1038 761 1121 poterit
784 1037 895 1101 bonos.
932 1038 1067 1102 donabit
1081 1058 1153 1102 cum
1169 1059 1296 1102 summo

84 1147 196 1212 consilio
228 1147 432 1230 dignissimos
463 1144 596 1228 eligens,
628 1156 663 1211 ut
694 1146 745 1227 qui
778 1145 954 1209 meminerit
984 1155 1050 1209 tam
1083 1164 1296 1228 expensorum

84 1275 163 1336 quam
186 1265 392 1338 acceptorum
416 1255 570 1318 rationem
595 1273 664 1316 esse
688 1253 894 1316 reddendam.
933 1252 1067 1317 donabit
1090 1273 1131 1315 ex
1155 1263 1242 1317 recta
1265 1261 1297 1316 et

84 1361 223 1444 probabili
259 1381 365 1426 causa.
411 1381 484 1424 nam
520 1363 601 1425 inter
631 1371 739 1443 turpes
770 1363 904 1424 iacturas
934 1359 1051 1424 malum
1083 1381 1196 1424 munus
1226 1371 1293 1425 est:

83 1469 197 1534 habebit
220 1471 322 1532 s'inum
346 1467 477 1544 facilem,
502 1488 566 1531 non
589 1467 791 1550 perforatum,
815 1488 858 1532 ex
881 1487 944 1548 quo
968 1467 1067 1532 multa
1091 1476 1215 1543 exeant,
1240 1469 1297 1530 sed
1314 1482 1337 1525 u

84 1575 145 1641 nihil
168 1577 298 1642 excidat.

15 1685 16 1760 Ϊ
62 1693 67 1744 t
159 1683 277 1748 XXIV.
317 1682 426 1759 Errat,
457 1684 483 1746 si
514 1685 583 1763 quis
613 1683 775 1746 existimat
805 1680 927 1745 sacilem
959 1701 1027 1745 rem
1058 1701 1127 1745 esse
1156 1679 1294 1756 donare:

84 1789 236 1871 plurimum
260 1793 323 1854 ista
345 1810 394 1854 res
417 1789 515 1854 habet
531 1787 730 1865 difficultatis,
754 1789 779 1851 si
795 1790 895 1851 modo
911 1788 1041 1852 consilio
1057 1789 1210 1866 tribuitur,
1233 1809 1297 1853 non

15 1907 17 1952 Ι
85 1917 145 1960 casu
167 1907 199 1962 et
222 1899 331 1980 inpetu
347 1899 512 1978 spargitur.
543 1896 626 1958 hunc
641 1915 834 1978 promereor,
858 1894 899 1959 illi
915 1896 1024 1959 reddo.
1055 1895 1126 1961 huic
1141 1915 1297 1973 succurro,

84 2003 161 2068 huius
183 2005 342 2069 misereor.
381 2003 467 2067 illum
490 1982 609 2067 instruo
634 2005 765 2085 dignum
785 2024 879 2084 quem
897 2023 960 2066 non
977 2003 1113 2068 deducat
1129 2013 1298 2088 paupertas
1316 2019 1339 2058 1⁵

85 2129 132 2174 nec
153 2121 342 2195 occupatum
366 2120 480 2175 teneat.
520 2109 709 2192 quibusdam
732 2131 797 2173 non
820 2110 915 2186 dabo,
939 2114 1083 2192 quamuis
1104 2113 1194 2188 desit,
1218 2113 1298 2194 quia,
1376 2149 1385 2178 ι

86 2220 194 2282 etiamsi
226 2219 362 2294 dedero,
394 2221 454 2282 erit
477 2217 667 2282 defuturum.
714 2217 904 2298 quibusdam
928 2218 1078 2293 offeram,
1109 2219 1301 2299 quibusdam·
1431 2212 1432 2221 ’

86 2328 167 2390 etiam
191 2325 366 2390 inculcabo
398 2345 462 2388 non
485 2344 616 2407 possum
639 2327 670 2388 in
693 2324 753 2392 hac
776 2345 810 2388 re
830 2345 899 2388 esse
914 2324 1094 2406 neglegens.
1127 2345 1298 2407 numquam

61 2435 175 2513 tnagis
192 2435 326 2496 nomina
341 2432 430 2507 laci0‚
454 2452 550 2512 quam
567 2452 639 2494 cum
656 2433 751 2495 dono.
800 2433 895 2512 quid?
919 2441 962 2507 tu,
985 2434 1094 2514 inquis,
1118 2443 1299 2516 recepturus

87 2539 194 2602 donas?
225 2543 326 2604 immo
357 2561 420 2603 non
451 2540 646 2624 perditurus:
682 2561 721 2603 eo
750 2538 822 2602 loco
850 2541 891 2603 sit
914 2538 1060 2615 donati0,
1093 2539 1175 2602 unde
1199 2543 1298 2622 repeti
1313 2551 1339 2593 ²⁰

86 2665 140 2706 non
162 2646 293 2723 debeat,
317 2647 407 2710 reddi
429 2649 538 2729 possit.
585 2645 772 2710 beneficium
796 2645 993 2723 conlocetur,
1026 2648 1298 2728 quemadmodum

62 2751 237 2818 athesaurus
260 2755 324 2818 alte
348 2754 488 2830 obrutus,
513 2775 607 2835 quem
631 2775 695 2817 non
719 2774 817 2830 eruas,
843 2755 900 2816 nisi
922 2753 1014 2817 fuerit
1038 2749 1174 2816 necesse.
1206 2754 1298 2834 quid?

87 2861 190 2926 domus
212 2865 280 2943 ipsa
302 2863 408 2926 diuitis
431 2863 486 2925 uiri
503 2870 654 2942 quantam
670 2861 769 2925 habet
784 2861 1000 2924 benefaciendi
1016 2863 1200 2924 materiam?
1230 2862 1299 2942 quis

87 2969 160 3030 enim
186 2961 408 3034 liberalitatem
431 2977 555 3033 tantum
579 2970 621 3032 ad
644 2977 774 3051 togatos
798 2973 911 3032 uocat?
942 2967 1131 3031 hominibus*
1146 2970 1299 3050 prodesse

87 3084 186 3138 natura
207 3097 259 3140 me
282 3075 388 3140 iubet:
415 3079 498 3140 serui
521 3075 650 3139 liberine
672 3077 734 3140 sint
757 3075 796 3152 hi,
821 3077 946 3156 ingenui
970 3096 1010 3138 an
1033 3075 1176 3151 libertini,
1200 3077 1300 3138 iustae
1316 3087 1340 3127 ²⁵

88 3179 225 3247 libertatis
249 3205 289 3246 an
313 3185 394 3246 inter
417 3185 537 3266 amicos
561 3184 664 3258 datae,
687 3184 763 3264 quid
784 3183 898 3248 refert?
922 3183 1113 3263 ubicumque
1128 3182 1227 3246 homo
1244 3192 1300 3258 est,

31 3325 37 3345 .
88 3287 124 3350 ibi
151 3290 278 3354 benefici
310 3290 398 3353 locus
429 3300 485 3354 est.
531 3299 639 3372 potest
668 3292 776 3372 itaque
806 3293 938 3374 pecunia
968 3293 1064 3354 etiam
1094 3293 1176 3353 intra
1206 3289 1300 3352 limen
1355 3372 1362 3388 ·

91 3518 287 3530 --.-ι--.--

90 3672 104 3726 2
127 3681 247 3732 escendere
273 3681 298 3748 (e
317 3679 345 3734 in
364 3697 379 3730 a
397 3678 480 3748 corr.)
606 3681 641 3732 sic
660 3697 753 3747 pauper
772 3681 860 3747 poterit
879 3697 944 3743 esse,
970 3681 1038 3730 diues
1056 3683 1122 3731 uolet
1143 3679 1238 3735 Gertz:
1266 3683 1301 3732 sic

91 3769 159 3831 paup¹
177 3771 196 3818 si
215 3771 304 3835 poterit
323 3785 375 3820 esse
393 3770 476 3820 diuesl
497 3769 563 3820 uolet
653 3771 668 3823 3
688 3771 790 3820 habebit
809 3770 891 3836 itaque
908 3767 1036 3839 Mudut'q:
1059 3777 1081 3820 et
1098 3771 1202 3821 habebit
1222 3773 1302 3838 itaque

168 3858 183 3912 4
207 3860 262 3910 alta
354 3859 369 3910 5
396 3859 500 3909 donabit
527 3857 595 3926 (quid
614 3861 722 3910 erexistis
741 3862 825 3910 aures?
850 3860 909 3925 quid
928 3859 1046 3925 expeditis
1064 3859 1173 3926 sinuml)
1199 3859 1302 3908 donabit

93 3939 176 4000 Uurt'm
202 3949 403 4014 quid.d0nabit.’
422 3949 449 4016 (b
469 3961 508 4001 ecc
524 3965 539 3999 u
559 3948 642 4016 corr.)
662 3950 769 4002 erexistis
789 3963 865 4002 aures.
885 3950 944 4014 quid
963 3947 1081 4014 expeditis
1099 3949 1302 4002 sinum,d0nauit

94 4031 127 4098 (ln
149 4037 267 4108 margine
291 4053 324 4092 m.
344 4040 360 4090 4
381 4055 401 4090 c.
423 4038 537 4104 donabit)
648 4039 681 4093 10
706 4045 805 4101 exeant,
831 4039 874 4090 sed
893 4038 955 4088 nihil
973 4033 1050 4092 Isoclt
1069 4043 1155 4088 exeant
1173 4043 1209 4088 set
1227 4037 1303 4087 nichil

94 4121 159 4192 cod,
182 4141 267 4198 neque
292 4127 362 4182 anim
387 4127 421 4181 da
445 4127 535 4182 littera
553 4147 564 4178 s
583 4133 646 4182 autc
664 4135 687 4179 et
713 4127 823 4181 multum
849 4126 1023 4182 dubitationis
1047 4125 1208 4196 relinquitur·

97 4210 125 4262 lt
136 4214 219 4281 impetu
310 4217 343 4270 17
357 4218 444 4283 quibus
458 4219 513 4268 dur
603 4219 751 4283 quibusdam
765 4219 838 4267 etiarn
853 4216 1018 4272 deteriores:
1039 4217 1126 4282 quibus
1138 4217 1213 4265 etiam

95 4297 125 4352 18
141 4303 163 4352 in
174 4305 218 4356 hac
231 4323 257 4357 re
269 4323 322 4358 esse
335 4303 415 4363 dett:
437 4309 462 4358 in
476 4309 524 4357 hnc
537 4323 589 4357 esse
600 4307 627 4357 ie
640 4307 703 4376 (esse
715 4323 741 4357 re
752 4307 781 4360 in
793 4308 861 4374 rat.)
936 4323 999 4358 nunc
1012 4309 1062 4372 qua
1133 4303 1167 4358 23
1186 4311 1302 4370 quantam

94 4385 162 4444 dett:
181 4402 268 4460 quantit
361 4393 395 4448 25
414 4403 501 4446 natura
519 4413 559 4447 me
577 4397 643 4446 iubet
662 4394 770 4449 Haase:
791 4393 903 4446 naturam
923 4402 945 4447 et
965 4397 1031 4446 iubet
1120 4396 1183 4445 serui
1203 4391 1258 4447 El:
1280 4399 1303 4444 et

95 4482 150 4528 serui
233 4484 265 4538 26
284 4486 327 4534 ubi
347 4500 454 4550 cumque
545 4483 578 4538 27
598 4486 711 4536 beneficii
731 4483 831 4552 (altera
850 4487 857 4534 i
876 4503 893 4538 u
913 4499 984 4538 corr.
1004 4481 1109 4552 additu)

1059 4573 1088 4625 12
