3184 5318
313 341 392 384 DlAL.
409 340 446 386 Vl.
476 341 517 382 AD
533 341 675 384 MARClAM
691 341 731 382 DE
745 340 988 384 CONSOLATIONE.
1017 343 1100 385 21.st
1254 347 1315 407 147

78 497 89 546 f·
105 491 206 554 diutius
235 508 332 570 quam
363 487 441 550 uixit
464 507 528 548 non
551 485 616 548 fuit.
662 485 744 548 fixus
768 495 816 549 est
840 487 951 569 cuique
974 487 1144 550 terminus:
1178 485 1318 548 manebit

85 605 218 678 ‘semper
248 595 303 658 ubi
332 595 452 677 positus
483 602 537 656 est
585 611 644 655 nec
671 591 756 654 illum
789 592 915 656 ulterius
946 592 1106 674 diligentia
1135 602 1189 655 aut
1217 592 1318 674 gratia

9 777 10 790 χ
104 701 302 786 promouebit.
342 700 386 762 sic
409 698 500 773 habe,
524 707 556 760 te
579 697 664 760 illum
689 719 730 759 ex
755 695 883 760 consilio
899 699 1092 781 perdidisse:
1118 698 1187 760 tulit
1200 717 1313 760 suum:

441 814 583 884 nactasque
605 807 668 866 (lati
683 807 815 882 peruenit
837 807 879 864 ad
898 809 970 866 aeui.

76 923 138 972 u'-
169 935 231 977 non
272 923 321 976 est
352 913 456 993 itaque
487 911 574 992 quod
605 913 650 972 sic
680 919 712 972 te
743 931 872 972 oneres:
915 913 1016 994 potuit
1051 913 1164 976 diutius
1204 912 1315 974 uiuere.
1331 935 1343 972 a

101 1043 157 1084 non
187 1029 234 1082 est
264 1019 437 1100 interrupta
465 1018 529 1080 eius
554 1017 617 1079 uita
640 1037 698 1078 nec
722 1037 871 1098 umquam
896 1037 931 1080 se
953 1019 1041 1080 annis
1064 1039 1154 1080 casus
1178 1019 1316 1081 intericit.

101 1127 222 1190 soluitur
245 1127 331 1208 quod
356 1127 466 1206 cuique
489 1124 680 1204 promissum
704 1131 760 1184 est.
799 1133 874 1186 eunt
891 1127 940 1186 uia
956 1143 1012 1186 sua
1027 1122 1091 1187 fata
1107 1144 1166 1186 nec
1181 1124 1318 1187 adiciunt

100 1238 258 1316 quicquam
283 1251 341 1294 nec
365 1253 406 1292 ex
430 1212 587 1312 promisso
611 1229 707 1292 semel
735 1231 874 1292 demunt.
921 1228 1033 1292 frustra
1057 1239 1132 1292 uota
1154 1251 1194 1294 ac
1215 1232 1318 1293 studia

100 1349 182 1402 sunt:
209 1337 341 1402 habebit
364 1337 495 1419 quisque
518 1343 670 1417 quantum
695 1334 735 1397 illi
760 1336 826 1396 dies
850 1336 966 1417 primus
990 1335 1159 1418 adscripsit.
1199 1357 1240 1398 ex
1265 1337 1317 1400 illo

101 1466 158 1528 quo
189 1446 324 1528 primum
358 1443 459 1506 lucem
493 1443 585 1516 uidit,
619 1443 677 1504 iter
711 1442 820 1504 mortis
852 1443 1009 1522 ingressus
1043 1451 1091 1504 est
1125 1444 1317 1525 accessitque
1335 1463 1357 1503 u

102 1553 159 1616 fato
190 1553 319 1634 propior
347 1559 379 1613 et
402 1548 443 1613 illi
466 1550 523 1630 ipsi
547 1549 598 1630 qui
623 1548 837 1611 adiciebantur
861 1548 1092 1618 adulescentiae
1115 1552 1204 1626 anni,
1235 1552 1319 1614 uitae

77 1658 348 1722 idetrahebantur.
394 1657 424 1719 in
454 1656 516 1718 hoc
548 1675 660 1718 omnes
691 1675 796 1717 errore
821 1675 997 1730 uersamur,
1029 1665 1149 1718 utnon
1173 1665 1319 1739 putemus

104 1767 138 1828 ad
161 1775 294 1828 mortem
319 1764 376 1825 nisi
400 1783 491 1824 senes
516 1761 741 1842 inclinatosque
766 1761 826 1823 iam
852 1782 998 1843 uergere,
1024 1783 1095 1825 cum
1120 1762 1171 1825 illo
1195 1762 1320 1826 infantia

104 1873 198 1936 statim
222 1880 254 1934 et
277 1873 412 1945 iuuenta,
437 1871 538 1932 omnis
561 1878 648 1932 aetas
671 1868 757 1930 ferat.
798 1878 896 1948 agunt
917 1889 997 1951 opus
1013 1891 1103 1932 suum
1120 1870 1202 1933 fata:
1229 1870 1320 1932 nobis

105 1997 218 2040 sensum
243 1986 372 2040 nostrae
395 1977 478 2038 necis
502 1974 660 2050 auferunt,
684 1994 811 2056 quoque
836 1974 952 2037 facilius
976 1976 1127 2060 obrepat,
1152 1997 1238 2039 mors
1261 1976 1320 2038 sub
1338 1996 1360 2034 u

105 2085 163 2166 ipso
185 2085 267 2147 uitae
283 2083 411 2145 nomine
426 2081 521 2144 latet:
548 2080 708 2144 infantiam
725 2083 754 2142 in
771 2103 805 2143 se
821 2081 953 2163 pueritia
969 2084 1133 2159 conuertit,
1156 2084 1320 2165 pueritiam

105 2191 250 2272 pubertas,
268 2191 412 2252 iuuenem
434 2208 532 2251 senex
550 2187 686 2250 abstulit.
718 2187 911 2251 incrementa
927 2188 1003 2270 ipsa,
1019 2189 1043 2250 si
1059 2189 1141 2251 bene
1157 2197 1320 2271 conpotes,

106 2299 210 2360 damna
232 2305 313 2360 sunt.

81 2403 86 2453 ¹
183 2404 282 2466 XXII.
315 2402 471 2484 Quereris
489 2401 615 2477 Marcia,
639 2422 701 2464 non
723 2411 788 2464 tam
806 2403 859 2464 diu
875 2401 970 2464 hlium
987 2411 1075 2464 tuum
1094 2402 1209 2464 uixisse
1224 2421 1319 2484 quam

105 2513 268 2588 pontisset?
298 2510 382 2572 uude
406 2509 488 2571 enim
513 2509 572 2570 scis
594 2528 636 2570 an
660 2509 775 2570 diutius
798 2507 838 2570 illi
862 2509 1038 2590 expedierit
1061 2510 1186 2572 uiuere?
1218 2529 1256 2572 an
1281 2507 1321 2572 illi
1336 2526 1361 2566 su

105 2615 157 2677 hac
185 2625 286 2679 morte
318 2614 495 2677 consultum
527 2614 586 2677 sit?
626 2634 720 2696 quem
745 2614 883 2676 inuenire
906 2615 1001 2676 hodie
1023 2624 1133 2697 poteS,
1164 2617 1249 2678 cuius
1272 2635 1321 2676 res

106 2730 163 2783 tam
185 2723 265 2784 bene
287 2723 411 2803 positae
434 2721 648 2803 fundataeque
673 2721 742 2795 sint,
766 2729 800 2783 ut
824 2720 897 2783 nihil
918 2719 959 2783 illi
975 2721 1159 2804 procedenti
1175 2730 1322 2803 tempore

106 2827 268 2892 timendum
299 2829 359 2890 sit?
406 2826 514 2890 labant
545 2826 683 2889 humana
714 2847 750 2889 ac
781 2826 880 2889 fluunt
910 2847 1012 2907 neque
1043 2827 1105 2890 ulla
1135 2847 1207 2909 pars
1239 2828 1321 2891 uitae

107 2943 220 2997 nostrae
250 2943 316 2996 tam
349 2933 492 3025 obnoxia
523 2941 578 2995 aut
608 2942 716 2996 tenera
747 2943 794 2995 est
822 2953 919 3014 quam
942 2953 1024 3015 quae
1047 2933 1187 2996 maxime
1210 2933 1321 3017 placet,

107 3040 228 3122 ideoque
259 3037 440 3102 felicissimis
460 3039 614 3120 optanda
646 3059 733 3101 mors
764 3048 824 3114 est,
856 3041 927 3122 quia
950 3040 979 3102 in
1003 3047 1091 3102 tanta
1113 3040 1360 3103 inconstantiam

26 3226 34 3241 .
78 3145 247 3230 2turbaque
279 3166 383 3208 rerum
414 3143 488 3208 nihil
519 3147 575 3208 nisi
606 3147 694 3226 quod
724 3147 884 3228 praeteriit
915 3155 1035 3208 certum
1068 3154 1123 3208 est.
1169 3147 1238 3228 quis
1265 3145 1321 3209 tibi
1392 3209 1394 3214 ,

107 3245 202 3335 recipit
221 3253 297 3315 illud
322 3251 373 3313 filii
393 3253 437 3314 tui
452 3252 695 3334 pulcherrimum
713 3271 828 3334 corpus
844 3262 876 3314 et
891 3272 1016 3315 summa
1034 3253 1163 3334 pudoris
1179 3253 1322 3316 custodia

108 3357 175 3420 inter
196 3359 377 3421 luxuriosae
400 3356 485 3420 urbis
509 3358 618 3420 oculos
643 3367 862 3421 conseruatum
888 3359 1028 3439 potuisse
1051 3368 1100 3420 tot
1124 3359 1255 3422 morbos
1278 3362 1322 3421 ita

112 3517 309 3528 ————...-

185 3643 200 3695 2
219 3633 374 3716 diligentiam
395 3649 434 3691 aut
525 3637 540 3693 3
560 3641 595 3691 sic
614 3641 680 3691 habe
698 3646 722 3690 te
741 3641 808 3690 illum
827 3657 856 3690 ex
876 3642 980 3710 consilio
998 3642 1134 3706 perdidisse
1148 3639 1262 3712 Maduip
1276 3643 1321 3708 (sic

110 3727 165 3779 habe
183 3729 301 3796 Haase):
329 3731 364 3780 sic
389 3730 481 3780 hahent
506 3731 574 3780 illum
600 3731 697 3780 ulterius
723 3730 876 3796 diligentiam
903 3747 931 3780 ex
957 3731 1060 3781 consilio
1080 3731 1215 3796 perdidisse

110 3815 123 3867 ll
145 3819 208 3869 annis
226 3836 296 3869 casus
315 3833 386 3872 uitus
406 3815 570 3872 deteriorum
591 3834 679 3872 corn:
706 3821 776 3869 annis
794 3820 891 3868 casibus
994 3819 1020 3871 7·
1035 3825 1091 3870 eunt
1110 3821 1149 3869 uia
1168 3836 1210 3869 sua
1230 3817 1323 3871 Haase

111 3903 139 3968 (ui
155 3924 194 3956 sua
212 3906 320 3977 utrlpol:
344 3914 400 3957 eunt
419 3913 443 3956 ut
461 3923 504 3956 sua
612 3907 750 3960 llhabebit
769 3905 934 3961 deteriores:
959 3908 1086 3956 habebunt
1193 3907 1323 3958 adscribsit

197 3995 228 4049 10
247 3997 377 4060 accessitq;
400 3995 442 4062 (qe
457 3994 484 4047 in
503 3996 571 4061 ras.)
676 3994 709 4048 14
729 4002 803 4061 agunt
822 3992 962 4049 Muretus:
984 3998 1063 4061 agurii
1167 3994 1198 4047 15
1217 3996 1323 4059 obrepat

112 4077 159 4132 dl:
183 4086 311 4150 obreptant
429 4083 458 4136 16
484 4065 612 4133 infantiam
635 4079 782 4138 Gruterus:
810 4084 928 4134 infantem
1040 4084 1070 4137 r?
1090 4071 1216 4148 computes

111 4167 140 4219 20
157 4175 267 4236 potuisset
286 4170 427 4225 Muretus:
448 4173 556 4236 potuisse
645 4172 675 4224 21
698 4188 771 4236 quem
791 4169 954 4227 deteriores:
976 4178 1098 4245 quemque
1184 4173 1217 4225 22
1236 4171 1322 4221 funda·

112 4261 186 4323 laeque
203 4263 249 4310 sint
267 4267 292 4311 ut
311 4259 476 4314 deteriores:
499 4261 624 4325 fundateq;
645 4268 670 4308 ut
772 4259 805 4312 23
825 4277 904 4326 neque
923 4262 972 4310 ulla
990 4277 1048 4326 pars
1066 4274 1136 4313 uuus
1156 4257 1322 4314 deteriorum

112 4358 187 4400 corn:
207 4351 311 4416 nequitia
329 4365 388 4413 pars
486 4348 519 4402 25
540 4350 637 4414 ideoq*
734 4347 768 4402 27
787 4349 839 4398 illut
858 4348 879 4414 (t
899 4365 969 4404 corr.
993 4348 1019 4402 in
1040 4350 1067 4416 d)
1163 4347 1324 4412 ‘repetiisse

112 4437 144 4481 tol
160 4431 245 4489 root:
266 4439 383 4504 potuisset
401 4443 426 4488 ut
446 4436 495 4504 (iia
513 4435 582 4499 rod„
602 4451 657 4490 nou
675 4438 782 4503 potuisse
801 4437 836 4502 ut)

1060 4523 1109 4577 10*
