3212 5318
303 355 366 418 272
541 351 621 396 DlAL.
636 349 688 396 xli.
719 353 759 394 ΑΒ
774 349 927 393 POLYBlVM
943 349 982 394 DE
997 347 1238 396 CONSOLATIONE.
1266 355 1287 397 2.

390 498 426 560 11
466 498 546 561 Illud
576 520 703 581 quoque
734 509 766 562 te
797 519 860 560 non
891 497 1056 562 minimum
1087 499 1256 574 adiuuerit,
1286 499 1311 560 si
1335 495 1557 579 cogitauerisl

301 605 375 667 nihil
397 605 595 688 profuturum
619 607 764 669 dolorem
788 615 878 669 tuum
902 606 1032 681 necilli,
1056 626 1151 688 quem
1176 607 1344 680 desideras
1368 625 1427 666 nec
1442 605 1524 666 tibi:

301 712 389 775 noles
419 711 502 775 enim
534 714 665 794 longum
698 734 783 788 esse,
814 715 903 794 quod
934 714 1058 776 inritum
1090 723 1148 777 est.
1194 733 1268 775 nam
1299 713 1324 774 si
1355 712 1528 792 quicquam

301 821 424 882 tristitia
447 821 616 900 profecturi
639 841 755 896 sumus,
779 841 844 883 non
868 841 978 908 recuso
998 821 1150 902 quidquid
1167 819 1363 882 lacrimarum
1380 817 1529 879 fortunae
1595 851 1596 856 κ

276 946 393 988 umeae
424 925 590 1008 superfuit,
621 936 695 990 tuae
725 927 863 990 fundere.
909 925 1065 990 inueniam
1097 927 1276 990 etiamnunc
1305 946 1362 1006 per
1384 925 1444 986 hos
1467 945 1528 984 ex-

302 1033 432 1096 haustos
463 1035 524 1096 iarn
557 1033 681 1096 fletibus
712 1035 894 1096 domesticis
925 1035 1034 1096 oculos
1057 1035 1145 1116 quod
1168 1033 1290 1108 effluat,
1321 1036 1347 1094 si
1370 1033 1470 1093 modo
1498 1031 1549 1092 id·

301 1140 357 1202 tibi
389 1138 526 1203 futurum
558 1142 645 1204 bono
678 1150 734 1204 est
780 1142 856 1222 quid
880 1143 1004 1204 cessas?
1043 1159 1289 1222 conqueramur,
1320 1148 1416 1220 atque
1439 1138 1560 1202 adeo?

302 1250 368 1328 ipse
391 1246 472 1308 hanc
492 1247 579 1310 litem
601 1267 705 1308 meam
729 1246 860 1309 faciam:
888 1247 1078 1329 iniquissima
1101 1247 1242 1309 omnium
1263 1246 1375 1308 iudicio
1391 1243 1528 1318 fortuna,

301 1356 406 1415 adhuc
423 1355 581 1416 uidebaris
597 1357 629 1416 in
645 1375 685 1416 eo
701 1353 830 1416 homine
844 1363 878 1416 te
894 1355 1091 1428 continuisse,
1115 1357 1167 1436 qui
1185 1373 1314 1415 munere
1329 1361 1386 1414 tuo
1402 1360 1528 1412 tautam

266 1481 288 1520 ro
303 1461 538 1522 uenerationem
563 1471 740 1542 receperat,
772 1469 823 1535 ut,
855 1441 943 1542 quod
967 1481 1039 1522 raro
1063 1461 1114 1522 ulli
1138 1461 1285 1540 contigit,
1309 1457 1438 1520 felicitas
1461 1459 1528 1518 eius
1596 1505 1597 1536 p

302 1568 455 1648 effugeret
487 1568 655 1629 inuidiam:
690 1587 764 1630 ecce
795 1588 867 1628 eum
900 1566 1046 1631 dolorem
1070 1567 1127 1642 illi,
1158 1587 1253 1648 quem
1277 1565 1365 1628 saluo
1390 1563 1528 1626 Caesare

302 1677 444 1756 accipere
468 1675 644 1736 maximum
667 1682 801 1754 poterat,
825 1675 1003 1755 inpressisti‚
1027 1685 1060 1737 et
1084 1694 1155 1735 cum
1180 1674 1261 1735 bene
1282 1672 1366 1734 illum
1388 1673 1527 1752 undique

303 1782 477 1856 circuisse5‚
509 1780 690 1843 intellexisti
721 1779 781 1842 hac
812 1791 902 1860 parte
933 1783 1159 1843 tantummodo
1190 1790 1300 1862 patere
1322 1779 1434 1840 ictibus
1458 1780 1525 1840 tuis.

302 1888 380 1969 quid
411 1888 493 1949 enim
524 1887 564 1949 illi
595 1886 679 1950 aliud
710 1886 850 1949 faceres?
889 1889 1055 1969 pecuniam
1087 1887 1244 1968 eriperes?
1283 1906 1456 1966 numquam
1487 1884 1525 1947 illi
1543 1897 1556 1946 :l

178 2030 191 2054 a
266 2014 288 2054 n
303 1995 462 2056 obnoxius
493 1994 557 2057 fuit.
603 2013 685 2056 nunc
716 2015 859 2075 quoque,
891 2003 1043 2075 quantum
1068 2003 1191 2074 potest,
1223 1993 1306 2054 illam
1331 2013 1350 2053 a
1373 2012 1407 2054 se
1431 1991 1525 2070 abigit

303 2111 335 2163 et
365 2102 395 2162 in
426 2110 514 2162 tanta
544 2099 691 2162 facilitate
721 2101 906 2182 adquirendi
938 2101 1055 2164 nullum
1087 2103 1240 2163 maiorem
1265 2123 1307 2163 ex
1332 2119 1370 2162 ea
1394 2099 1520 2161 fructum

302 2227 398 2290 quam
430 2214 651 2288 contemptum
683 2207 747 2268 eius
777 2201 881 2288 petits
913 2209 1049 2290 eriperes
1072 2208 1113 2270 illi
1137 2209 1276 2270 amicos?
1316 2207 1438 2270 sciebas
1459 2215 1555 2267 tamt
1597 2205 1598 2246 i

230 2366 236 2378 .
303 2312 472 2376 amabilem
489 2333 567 2406 esse,
588 2323 623 2376 ut
639 2314 727 2376 facile
744 2314 895 2376 inlocum
913 2315 1099 2377 amissorum
1116 2325 1225 2396 posset
1240 2314 1317 2377 alios
1333 2315 1525 2376 substituere.

303 2441 400 2482 unum
433 2422 515 2482 enim
546 2421 631 2482 hunc
659 2441 701 2482 ex
725 2421 788 2496 his,
820 2442 901 2504 quos
925 2423 954 2483 in
978 2421 1139 2503 principali
1163 2423 1262 2483 domo
1287 2431 1436 2503 potentes
1459 2421 1527 2493 uidi,

264 2545 289 2584 20
304 2528 492 2606 cognouisse
525 2528 651 2603 uideor,
683 2547 777 2608 quem
803 2528 949 2590 omnibus
973 2529 1110 2590 amicum
1133 2529 1251 2591 habere
1275 2548 1347 2590 curn
1372 2526 1527 2608 expediat,

305 2635 406 2715 magis
430 2643 538 2696 tamen
562 2635 657 2696 etiam
681 2634 767 2697 libet.
807 2636 943 2715 eriperes
967 2633 1007 2697 illi
1031 2636 1149 2697 bonam
1167 2636 1373 2717 opinionem?
1403 2633 1527 2694 solidior
1545 2641 1557 2686 ἵ»

304 2753 353 2804 est
383 2741 462 2803 haec
493 2741 578 2822 apud
610 2761 698 2816 eum,
729 2761 825 2822 quarn
856 2751 892 2803 ut
923 2761 941 2803 a
973 2755 1003 2802 te
1034 2762 1161 2823 quoque
1185 2743 1252 2822 ipsa
1275 2741 1399 2803 concuti
1422 2740 1527 2820 possit,

304 2849 440 2930 eriperes
478 2847 597 2909 bonam
635 2846 868 2910 ualetudinem?
915 2848 1037 2910 sciebas
1066 2851 1215 2926 'animum
1254 2848 1319 2909 eius
1357 2845 1528 2908 liberalibus

306 2955 488 3035 discipliniS,
512 2954 626 3036 quibus
649 2974 713 3016 non
738 2955 901 3018 innutritus
925 2965 1063 3030 tantum,
1087 2955 1144 3018 se'd
1169 2956 1292 3018 innatus
1316 2964 1373 3029 est,
1397 2955 1440 3016 sic
1462 2973 1527 3014 esse

266 3075 291 3114 ²⁵
305 3059 486 3134 fundatum,
522 3069 556 3122 ut
592 3081 687 3142 supra
719 3063 821 3123 omnis
852 3064 993 3142 corporis
1024 3062 1152 3123 dolores
1183 3063 1343 3124 emineret.
1398 3062 1557 3140 eriperesl

305 3167 469 3247 spiritum?
508 3166 692 3249 quantulum
724 3171 905 3230 nocuisses?
944 3169 1160 3250 longissimum
1192 3167 1233 3230 illi
1264 3169 1391 3247 ingenio
1419 3185 1526 3228 aeuum

306 3271 390 3334 lama
414 3275 567 3355 promisit.
613 3255 643 3334 ld
667 3274 731 3353 egit
755 3275 829 3355 ipse,
854 3283 887 3336 ut
912 3274 1041 3336 meliore
1065 3277 1110 3337 sui
1133 3285 1224 3356 parte
1248 3276 1377 3338 duraret
1401 3284 1432 3338 et
1455 3292 1525 3334 con-

307 3381 415 3460 positis
447 3379 645 3460 eloquentiae
673 3380 839 3460 praeclaris
863 3382 1012 3462 operibus
1036 3403 1055 3443 a
1078 3382 1273 3445 mortalitate
1296 3401 1331 3442 se
1354 3382 1526 3443 uindicaret.

274 3643 278 3646 .
308 3574 321 3624 1
350 3573 412 3622 lllud
436 3589 533 3637 quoque
556 3581 579 3623 te
599 3571 625 3626 Β
643 3573 702 3622 illud
727 3581 751 3624 te
774 3591 870 3639 quoque
890 3572 943 3628 ΒΕ
1067 3577 1083 3628 2
1106 3593 1151 3626 nec
1177 3577 1212 3625 illi
1235 3593 1309 3641 quem
1330 3573 1416 3645 Neap.
1435 3572 1526 3624 necilli

235 3726 241 3737 Ι
308 3662 407 3726 quidem
427 3675 499 3724 quern
522 3658 599 3714 ΒΒΕ
692 3661 708 3714 3
733 3663 801 3720 uoles
820 3660 873 3715 ΒΕ
890 3665 957 3714 uoles
981 3662 1003 3716 Β
1047 3707 1056 3714 .
1104 3663 1121 3716 7
1145 3665 1213 3714 bono
1233 3662 1260 3716 Β
1278 3666 1372 3714 bonum
1391 3661 1444 3717 ΒΕ

309 3747 324 3800 9
344 3750 425 3798 adhuc
445 3736 549 3814 ,fortqan
566 3747 590 3802 Β
715 3751 740 3800 in
759 3767 789 3800 eo
808 3753 908 3801 homine
927 3759 951 3801 te
975 3748 1107 3822 Maduiq:
1128 3770 1183 3802 eum
1203 3753 1331 3802 homiuem
1354 3751 1432 3806 ΒΒΕ

309 3855 407 3889 munere
426 3837 453 3890 B
471 3846 554 3887 mutuo
576 3835 628 3890 ΒΕ
697 3837 731 3891 10
756 3840 798 3887 ulli
817 3837 956 3904 contigitD
975 3841 1016 3889 ulli
1036 3843 1156 3906 contingit
1173 3840 1196 3894 Β
1214 3843 1249 3891 illi
1263 3838 1425 3906 contingitlt'
1496 3837 1525 3890 fe·

308 3927 407 3977 licitatis
428 3928 478 3977 eius
497 3927 547 3975 eius
566 3923 593 3978 Ε
692 3925 724 3978 13
750 3927 874 3976 circuisses
896 3925 946 3980 BD
964 3929 1117 3978 circumisses
1137 3927 1164 3982 Ε
1265 3928 1298 3980 15
1324 3931 1404 3994 abigit
1423 3923 1524 3993 Maduiq
1598 3907 1599 3922 1

311 4016 401 4064 abiecit
414 4014 441 4068 Β
459 4016 548 4064 subicit
562 4013 586 4066 Β
605 4015 688 4064 abiicit
701 4012 729 4066 Ε
817 4014 849 4067 lb
869 4016 984 4066 felicitate
997 4017 1117 4082 adqrendi
1131 4015 1156 4070 Β
1234 4015 1322 4071 uerba
1335 4025 1523 4083 potest-quam
1597 4027 1599 4052 ¹

310 4100 338 4155 Ε
353 4101 380 4155 t'n
400 4101 523 4172 margine
542 4107 644 4154 lantum
663 4101 743 4156 babel
832 4105 922 4152 nullum
937 4122 965 4154 ex
979 4104 1298 4158 camaioremfructuml)
1391 4107 1423 4160 17
1439 4105 1524 4154 sciebas

311 4196 360 4240 tam
387 4193 519 4240 amabilem
545 4206 597 4240 esse
617 4188 658 4242 E*
682 4193 791 4240 sciebam
817 4199 867 4240 tam
893 4193 1002 4242 habilem
1028 4193 1056 4244 e'e
1081 4211 1108 4244 se
1129 4193 1153 4247 Β
1171 4197 1266 4245 sciebat
1287 4203 1338 4245 tarn
1357 4196 1462 4245 habilem
1478 4207 1524 4241 esse
1598 4173 1599 4246 l

310 4295 337 4327 se
355 4276 409 4331 ΒΕ
496 4279 530 4332 18
549 4278 647 4329 facilem
669 4279 693 4332 B
782 4282 898 4330 sustinere
919 4279 942 4333 Β
1032 4282 1065 4335 19
1091 4285 1168 4333 domo
1188 4283 1214 4336 Β
1312 4285 1345 4336 21
1371 4275 1526 4348 exciperes?
1598 4259 1599 4266 ¹

399 4366 512 4415 sollidior
530 4364 556 4418 Β
646 4365 680 4418 22
704 4368 761 4416 adte
782 4366 807 4419 B
897 4385 974 4433 prope
993 4367 1021 4422 E
1114 4371 1148 4424 26
1174 4373 1297 4423 nocuisset
1318 4370 1342 4425 Β
1436 4369 1522 4434 ingenio
1598 4379 1599 4432 l

312 4451 422 4508 Fickert
436 4451 591 4508 dubitanter
604 4457 692 4522 ingena
705 4453 731 4507 B
744 4457 842 4522 ingenia
856 4453 909 4508 ΒΕ
990 4456 1029 4510 ’27
1049 4458 1214 4513 durareturl)
1305 4459 1341 4514 28
1359 4451 1521 4511 nendicaretI)
1597 4469 1599 4568 p
