3212 5318
335 363 415 409 orne.
426 363 477 408 xu.
506 363 547 406 no
561 363 715 406 nouumvu
731 365 772 406 os
786 363 1029 410 cousomrrorm.
1059 367 1091 409 rs.
1259 371 1318 432 291

67 511 274 586 acircumda,
306 530 345 572 ne
376 531 418 572 ex
450 509 511 572 ulla
542 511 584 572 tui
613 519 703 592 parte
732 511 868 573 inueniat
892 511 1051 574 introitum
1076 511 1175 574 dolor.
1222 510 1324 574 fratris

98 637 224 698 quoque
248 616 292 678 tui
307 618 430 698 produc
446 617 633 678 memoriam
650 615 754 698 aliquo
770 617 957 698 scriptorum
975 619 1172 681 monimento
1189 629 1323 681 tuorum.

99 723 161 784 hoc
192 723 274 785 enim
307 743 404 786 unum
428 732 476 784 est
499 743 540 784 ex
562 722 656 785 rebus
679 722 823 786 humanis
846 744 942 806 opus,
974 725 1022 788 cui
1045 723 1127 786 nulla
1150 733 1325 807 tempestas

99 838 226 905 noceat,
266 831 354 910 quod
392 828 476 892 nulla
514 837 681 892 consumat
713 839 860 893 uetustas
915 841 1020 894 cetera
1050 852 1132 912 quae
1162 853 1218 914 per
1249 853 1322 894 con-

99 936 303 998 structionem
327 935 467 1020 lapidum
491 945 524 999 et
547 957 742 1000 marmoreas
766 937 867 1000 moles
890 948 945 1000 aut
968 947 1110 1000 terrenos
1133 938 1271 1001 tumulos
1295 939 1352 1001 int

100 1061 249 1122 magnam
290 1044 422 1104 eductos
458 1042 654 1105 altitudinem
686 1051 849 1120 constant,
888 1063 952 1106 non
984 1056 1164 1127 propagant
1195 1045 1325 1126 longam

15 1201 16 1218 ,
100 1150 199 1224 diem,
231 1135 348 1232 quippe
379 1158 410 1211 et
442 1151 509 1233 ipsa
539 1149 712 1212 intereunt:
748 1151 923 1214 inmortalis
955 1161 1003 1214 est
1027 1152 1140 1232 ingenii
1164 1151 1325 1216 memoria.

15 1331 16 1340 ἵ
101 1255 180 1318 hanc
203 1265 237 1318 tu
261 1253 346 1318 fratri
369 1266 425 1318 tuo
451 1256 571 1337 largire,
595 1257 625 1318 in
650 1257 710 1319 hac
730 1277 802 1320 eum
825 1257 964 1320 conloca.
1006 1257 1114 1321 melius
1130 1259 1215 1321 illum
1233 1259 1324 1322 dura·

15 1399 16 1406 κ
69 1377 82 1428 3
101 1372 169 1425 turo
192 1383 319 1446 semper
342 1363 541 1426 consecrabis
565 1365 690 1445 ingenio
714 1386 809 1447 quarn
835 1365 926 1428 inrito
943 1365 1054 1428 dolore
1070 1365 1192 1446 lugebis
1239 1365 1326 1448 quod

101 1471 141 1531 ad
164 1470 265 1552 ipsam
289 1468 447 1532 fortunam
472 1473 621 1553 pertinet,
654 1475 776 1534 etiamsi
801 1493 883 1534 nunc
906 1473 956 1553 agi
980 1473 1064 1556 apud
1088 1484 1120 1536 te
1143 1491 1237 1535 causa
1260 1475 1326 1536 cius
1343 1485 1366 1525 ¹⁰

102 1597 163 1638 non
194 1585 328 1660 potest„
349 1576 456 1639 omnia
487 1579 569 1641 enim
601 1577 667 1654 illa,
699 1599 780 1660 quae
811 1579 903 1642 nobis
927 1580 1031 1656 dedit,
1063 1579 1106 1642 ob
1130 1580 1192 1642 lroc
1214 1581 1326 1662 ipsum,

102 1685 187 1764 quod
210 1682 333 1770 ⁸aliquid
365 1685 491 1766 eripuit,
522 1685 620 1748 inuisa
643 1695 732 1762 sunt,
770 1697 843 1748 tunc
871 1694 978 1749 tamen
1003 1687 1060 1750 erit
1083 1687 1223 1767 agenda,
1254 1707 1325 1750 cum

102 1791 236 1872 primum
268 1791 449 1872 aequiorem
474 1800 506 1854 te
530 1789 569 1854 illi
594 1792 728 1855 iudicem
753 1793 819 1856 dies
842 1792 957 1856 lecerit.
1003 1803 1078 1856 tunc
1101 1795 1184 1856 enim
1208 1795 1327 1875 poteris

102 1899 130 1959 in
161 1898 295 1978 gratiam
328 1917 400 1960 cum
432 1897 484 1960 illa
515 1899 623 1961 redire.
679 1921 752 1963 nam
788 1900 886 1963 multa
916 1901 1071 1982 prouidit,
1103 1901 1215 1983 qulbus
1247 1900 1328 1963 hanc

102 2006 286 2067 emendaret
309 2006 458 2068 iniuriam.
498 2006 597 2069 multa
614 2007 792 2070 etiamnunc
808 2007 904 2083 dabit,
928 2007 1042 2088 quibus
1058 2008 1200 2070 redimat.
1240 2008 1325 2070 deni·
1343 2017 1367 2058 ¹⁶

71 2123 162 2192 tque
186 2112 288 2192 ipsum
312 2111 382 2188 hoc,
407 2113 494 2195 quod
518 2112 655 2190 abstulit,
679 2113 747 2195 ipsa
770 2114 901 2176 dederat
926 2113 989 2176 tibi.
1035 2113 1096 2176 noli
1118 2133 1195 2194 ergo
1217 2123 1328 2176 contra

102 2229 131 2280 te
163 2219 288 2299 ingenio
320 2221 364 2281 uti
395 2228 466 2296 tuo,
499 2219 562 2282 noli
593 2221 705 2282 adesse
737 2220 838 2284 dolori
870 2230 932 2283 tu0.
980 2230 1088 2302 potest
1111 2221 1238 2302 quidem
1263 2219 1326 2282 elo·

101 2327 226 2406 quentia
249 2335 311 2402 tua,
335 2347 417 2409 quae
440 2347 538 2409 parua
561 2336 641 2402 sunt,
666 2328 846 2409 adprobare
861 2348 919 2409 pro
936 2328 1067 2408 magnis,
1091 2347 1195 2390 rursus
1212 2347 1328 2408 magna

102 2433 280 2495 adtenuare'
304 2443 336 2496 et
366 2433 407 2495 ad
439 2435 568 2496 minima
599 2436 764 2497 deducere.
826 2436 882 2496 sed
914 2435 975 2497 alio
1007 2435 1081 2496 istas
1112 2436 1192 2496 uires
1222 2441 1328 2496 seruet

102 2561 179 2614 suas,
204 2561 287 2604 nunc
309 2547 379 2604 tota
402 2563 436 2604 se
459 2543 489 2603 in
515 2541 664 2603 solacium
689 2552 777 2605 tuum
802 2541 950 2622 conferat.
996 2542 1054 2604 sed
1078 2551 1185 2604 tamen
1202 2541 1326 2625 dispice,
1342 2547 1368 2588 ²⁰

103 2668 140 2708 ne
163 2647 226 2710 hoc
248 2649 310 2710 iam
334 2670 462 2731 quoque
485 2650 586 2732 ipsum
611 2650 651 2711 sit
674 2669 910 2730 superuacuum.
958 2649 1073 2730 aliquid
1098 2649 1180 2710 enim
1202 2647 1328 2710 anobis

72 2765 211 2816 enatura
242 2756 356 2836 exigit,
387 2755 457 2838 plus
486 2759 624 2819 uanitate
647 2755 849 2820 contrahitur.
896 2776 1068 2836 numquam
1093 2763 1198 2817 autem
1224 2775 1329 2836 egoa

103 2871 145 2936 te,
169 2882 210 2924 ne
234 2882 276 2924 ex
299 2871 371 2926 toto
397 2884 547 2942 maereas,
571 2863 708 2945 exigam.
755 2872 786 2925 et
809 2863 876 2925 scio
898 2864 1025 2925 inueniri
1048 2863 1206 2944 quosdam
1231 2862 1328 2924 durae

103 2970 202 3049 magis
233 2989 329 3050 quam
360 2969 449 3033 sortis
479 2971 664 3053 prudentiae
696 2971 794 3044 uiros,
826 2971 879 3051 qui
910 2970 1026 3050 negent
1059 2970 1228 3056 doliturum
1258 2989 1328 3030 esse

102 3076 296 3156 sapientem:
331 3075 361 3138 hi
390 3098 454 3138 non
479 3078 623 3139 uidentur
647 3077 721 3140 mihi
744 3097 895 3157 umquam
919 3077 1128 3158 inueiusmodi
1151 3095 1260 3138 casum
1284 3075 1327 3136 in·
1343 3083 1369 3124 ‘²⁶

103 3182 222 3244 cidisse.
269 3183 385 3265 alioqui
409 3185 598 3246 excussisset
621 3183 677 3246 illis
703 3182 826 3246 fortuna
846 3183 1016 3264 superbam
1039 3183 1222 3266 sapientiam
1241 3181 1329 3244 etad

72 3289 332 3353 tconlessionem
357 3310 413 3353 eos
437 3311 544 3354 ueram
569 3293 664 3354 etiam
681 3291 794 3353 inuitos
811 3289 1010 3372 conpulisset.
1049 3291 1125 3352 satis
1141 3289 1331 3372 praestiterit

105 3470 317 3478 —-—————

107 3594 115 3642 l
144 3609 173 3641 ex
192 3591 235 3642 illa
255 3590 282 3645 Β
372 3591 387 3642 2
413 3593 606 3645 monimentoA
631 3594 783 3643 munimento
807 3589 857 3645 ΒΕ
880 3603 1038 3640 monumento
1061 3587 1084 3642 Β
1175 3589 1190 3642 3
1211 3608 1240 3641 ex
1259 3592 1332 3640 rebus

105 3681 217 3730 humanis
237 3677 351 3750 Maduip
378 3682 448 3729 rebus
468 3682 581 3730 humanis
600 3679 683 3751 irulpo
791 3680 807 3734 4
834 3681 1024 3730 constructiones
1044 3677 1119 3732 malit
1141 3676 1223 3732 Gertz

105 3769 239 3821 deductos
258 3770 353 3822 omittet
373 3767 400 3821 Ε
488 3769 503 3821 8
523 3771 619 3820 duratio
637 3768 660 3823 Β
750 3769 765 3822 9
785 3771 857 3820 inrito
877 3768 972 3822 omittit
991 3769 1015 3822 Α
1035 3768 1071 3836 (in
1091 3768 1214 3839 marqine
1233 3767 1332 3821 adiecit

106 3873 137 3913 m.
153 3859 180 3926 l)
270 3860 298 3911 ll
319 3843 430 3912 uobl'sB
523 3858 553 3911 ll
572 3860 662 3910 multos
675 3857 729 3912 ΒΕ
822 3859 850 3912 lb
870 3859 932 3908 milli
945 3857 1059 3912 etiamB
1151 3856 1182 3910 'l'i
1197 3859 1229 3907 uti
1244 3854 1336 3909 uoliIl'

196 3947 228 4000 l9
248 3950 306 3998 istas
327 3945 409 4001 Gertz
430 3951 475 3998 ista
494 3948 577 4019 uulqo
667 3949 701 4002 20
720 3967 783 3999 nunc
803 3955 853 3998 lota
872 3965 897 3998 se
916 3950 940 3998 in
959 3949 1079 3999 solacium
1093 3944 1134 3999 Ε1
1155 3963 1217 3996 nunc
1239 3953 1289 3996 toln
1310 3948 1333 3996 in

106 4038 219 4088 solatium
239 4036 265 4090 Β
288 4055 350 4088 nunc
370 4045 421 4088 tota
442 4041 464 4088 in
484 4039 598 4089 solatium
617 4056 643 4089 se
666 4035 717 4090 ΒΕ
798 4039 841 4088 sed
861 4044 943 4088 tamen
963 4036 986 4090 A
1005 4045 1028 4087 et
1047 4043 1127 4086 tamen
1151 4032 1229 4088 ΒΒΕ

105 4129 204 4193 despice
226 4124 303 4180 ΒΒΕ
392 4128 423 4180 21
444 4145 459 4177 a
478 4135 563 4177 natura
583 4129 685 4193 exigitur
698 4124 753 4179 ΒΕ
841 4125 873 4178 26
894 4127 1001 4192 alioquin
1021 4125 1125 4175 excussis
1145 4124 1191 4173 illis
1212 4125 1333 4172 lorlunnm

106 4220 127 4267 in
153 4219 285 4283 superbam
310 4219 455 4284 sapientiam
478 4217 502 4270 B
527 4219 634 4283 alioquin
661 4225 700 4266 nut
726 4223 821 4266 excuset
845 4223 885 4266 out
905 4216 1027 4266 fortunam
1046 4214 1150 4278 superba
1169 4209 1335 4277 snpientiaD

107 4309 215 4372 alioquin
235 4316 275 4357 aut
295 4314 402 4358 excusset
422 4309 543 4358 fortunam
563 4309 668 4372 superba
687 4307 807 4371 sapientia
828 4304 855 4358 Ε
966 4303 999 4357 27
1025 4305 1099 4354 etiam
1126 4303 1213 4352 inuitos
1232 4317 1334 4367 compu-

104 4396 170 4446 lisset
191 4397 212 4447 Α
238 4398 312 4446 etiam
339 4413 381 4446 eos
407 4399 495 4446 inuitos
521 4397 678 4462 compulisset
701 4393 724 4448 Β
749 4397 927 4446 confessionem
953 4410 1036 4444 ueram
1062 4393 1136 4442 etiam
1162 4409 1204 4441 eos
1224 4390 1333 4456 complet

107 4486 195 4535 inuitos
215 4482 239 4537 Β
259 4487 439 4538 consessionem
459 4503 542 4540 ueram
562 4487 636 4536 etiarn
656 4501 698 4536 eos
718 4486 850 4550 compellat
871 4484 960 4534 inuitos
980 4479 1007 4534 Ε

1070 4567 1124 4622 19*
