3212 5318
282 359 356 422 286
493 353 571 398 DlAL.
582 353 633 396 ΧΠ.
662 353 704 394 ΑΙ)
719 352 871 394 POLYBIVM
886 353 926 394 DE
941 352 1183 396 CONSOLATlONE.
1214 355 1245 396 ta.
1260 355 1290 396 ll.

281 499 401 562 habent
431 509 466 561 ut
495 499 638 562 fortunae
669 500 835 563 saeuientis
867 499 1001 562 modum
1031 502 1075 562 ita
1104 520 1196 581 spem
1220 519 1347 581 quoque
1370 499 1515 562 melioris

281 607 421 668 eiusdem
445 627 482 668 ac
504 609 679 688 praesentis
702 607 849 687 quietem.
895 609 974 669 scias
996 606 1069 669 licet
1092 627 1129 668 ea
1145 608 1275 668 demum
1292 605 1422 668 fulmina
1438 626 1514 668 esse

280 713 456 788 iustissima,
480 733 561 793 quae
585 715 681 775 etiam
704 713 843 794 percussi
865 712 980 786 colunt.

370 819 459 880 XIV.
499 816 529 903 [3
535 816 574 904 3.]
607 819 667 881 Hic
690 822 796 902 itaque
818 822 973 901 princeps
997 822 1050 901 qui
1071 819 1230 900 publicum
1247 820 1388 881 omnium
1405 820 1512 881 homi·
1535 837 1541 886 1

256 947 357 988 anum
381 924 531 988 solacium
555 936 613 1001 est,
637 936 691 988 aut
714 947 765 988 me
789 928 896 988 omnia
911 924 1028 1002 fallunt,
1052 935 1106 988 aut
1121 927 1183 988 iam
1200 927 1352 990 recreauit
1367 929 1512 988 animum

282 1042 371 1096 tuum
401 1041 433 1094 et
464 1041 530 1094 tam
563 1053 681 1114 magno
713 1033 832 1095 uolneri
864 1036 983 1095 maiora
1013 1031 1157 1095 adhibuit
1188 1033 1335 1095 remedia.
1382 1034 1446 1094 iam
1477 1043 1514 1094 te

283 1141 370 1201 omni
401 1138 598 1202 confirmauit
629 1141 737 1201 modo.
782 1142 845 1200 iam
878 1141 986 1202 omnia
1015 1138 1181 1219 exempla,
1212 1138 1324 1218 quibus
1348 1141 1390 1200 ad
1413 1141 1512 1201 animi

284 1247 474 1326 aequitatem
491 1245 719 1327 conpellereris‚
736 1249 935 1308 tenacissima
951 1247 1105 1308 memoria
1120 1245 1248 1308 rettulit.
1287 1246 1350 1306 iam
1366 1249 1511 1308 omnium

284 1363 455 1434 praecepta
477 1339 654 1434 sapientum
678 1355 811 1416 adsueta
834 1353 894 1416 sibi
918 1352 1063 1414 facundia
1086 1353 1244 1434 explicuit.
1283 1353 1384 1414 nullus
1404 1357 1541 1434 itaquea

248 1460 394 1521 romelius
426 1458 483 1522 has
514 1461 706 1540 adloquendi
736 1470 842 1542 partes
874 1463 1083 1541 occupauerit.
1137 1459 1222 1522 aliud
1253 1459 1418 1522 habebunt
1449 1459 1512 1521 hoc

285 1568 409 1629 dicente
431 1567 556 1648 pondus
579 1551 786 1629 uerba'uelut
808 1566 849 1628 ab
871 1567 998 1630 oraculo
1022 1570 1126 1630 missa.
1165 1587 1294 1629 omnem
1311 1569 1375 1628 uim
1393 1565 1511 1628 doloris

284 1676 329 1736 tui
352 1676 458 1736 diuina
480 1675 546 1736 eius
570 1677 746 1737 contundet
770 1677 949 1737 auctoritas.
995 1674 1077 1736 hunc
1098 1676 1203 1754 itaque
1220 1675 1276 1735 tibi
1293 1684 1372 1754 puta
1388 1674 1506 1735 dicere:

285 1801 349 1842 non
380 1789 412 1842 te
442 1780 546 1842 solum
577 1781 703 1844 fortuna
732 1783 910 1861 desumpsit
932 1781 1006 1856 sibi,
1039 1793 1144 1866 quem
1158 1790 1224 1843 tam
1248 1782 1336 1861 graui
1360 1779 1509 1842 adficeret

285 1887 404 1950 iniuria·
446 1885 531 1950 nulla
561 1887 676 1948 domus
706 1890 738 1950 in
761 1897 832 1950 toto
856 1887 935 1949 orbe
959 1897 1112 1949 terrarum
1137 1896 1190 1948 aut
1214 1898 1263 1950 est
1287 1896 1341 1948 aut
1364 1886 1422 1948 fuit
1445 1889 1509 1948 sine

247 2015 271 2054 rs
285 1993 388 2075 aliqua
420 1991 666 2074 conploratione.
728 1994 869 2057 transibo
900 1993 1050 2075 exempla
1081 1993 1238 2074 uolgmia,
1276 2013 1358 2075 quae
1391 1995 1509 2055 etiamsi

286 2103 422 2176 minora,
447 2110 555 2163 tamen
578 2104 742 2164 innumera
765 2110 855 2162 sunt:
890 2101 933 2163 ad
957 2099 1053 2162 fastus
1076 2109 1109 2162 te
1133 2111 1164 2163 et
1187 2101 1315 2162 annales
1339 2103 1508 2182 perducam

285 2207 437 2290 publicos.
488 2210 576 2270 uides
608 2229 719 2270 omnes
750 2207 807 2270 has
838 2209 1006 2288 imagines,
1037 2228 1119 2288 quae
1148 2207 1309 2304 inpleuere
1338 2206 1538 2271 Caesamm3

286 2317 420 2378 atrium?
458 2314 541 2377 nulla
569 2335 633 2377 non
656 2315 767 2378 harum
791 2313 896 2396 aliquo
919 2335 1047 2376 suorum
1072 2311 1278 2376 incommodo
1303 2315 1433 2394 insignis
1456 2321 1509 2374 est.

287 2442 382 2483 nemo
414 2443 477 2484 non
508 2443 550 2484 ex
581 2423 646 2484 istis
670 2425 701 2483 in
724 2430 946 2484 ornamentum
970 2420 1166 2482 saeculorum
1190 2419 1418 2500 refulgentibus
1442 2419 1507 2482 uiris

248 2545 274 2588 ro
288 2538 342 2592 aut
373 2529 530 2592 desiderio
560 2549 687 2590 suorum
719 2537 822 2591 tortus
853 2537 901 2590 est
932 2537 986 2590 aut
1016 2548 1035 2588 a
1064 2531 1126 2590 suis
1154 2548 1227 2589 cum
1251 2530 1395 2589 maximo
1419 2529 1506 2589 animi

288 2638 425 2698 cruciatu
453 2637 649 2697 desideratus
672 2644 730 2698 est.
776 2637 851 2717 quid
875 2636 931 2698 tibi
953 2633 1085 2696 referam
1111 2633 1293 2716 Scipionem
1317 2633 1505 2706 Africanum,
1524 2643 1537 2694 l

289 2746 337 2806 cui
361 2764 447 2804 mors
470 2741 573 2805 fratris
596 2745 626 2804 in
648 2741 742 2804 exilio
763 2744 905 2804 nuntiata
921 2745 990 2803 est?
1021 2742 1046 2802 is
1061 2740 1165 2815 frater,
1189 2743 1242 2822 qui
1259 2741 1370 2820 eripuit
1386 2739 1506 2802 fratrem

290 2869 428 2924 carcere,
460 2870 524 2910 non
555 2851 659 2930 potuit
692 2851 812 2930 eripere
844 2848 918 2909 fato,
964 2857 997 2911 et
1020 2868 1115 2929 quam
1139 2848 1306 2928 impatiens
1328 2848 1402 2909 iuris
1425 2846 1507 2926 a'equi

290 2959 390 3037 pietas
417 2954 555 3018 Africani
587 2955 692 3030 fuerit,
725 2956 842 3016 cunctis
873 2955 1036 3036 apparuit:
1070 2955 1186 3016 eodem
1218 2956 1301 3015 enim
1335 2955 1386 3016 die
1409 2951 1505 3033 Scipio

251 3081 277 3120 rs
291 3061 466 3135 Africanus,
490 3083 555 3143 quo
579 3062 706 3124 uiatoris
730 3062 874 3123 manibus
897 3060 1025 3132 fratrem
1042 3059 1223 3136 abstulerat,
1247 3061 1372 3126 tribuno
1388 3077 1506 3139 quoque
1555 3079 1556 3082 ¹

290 3168 391 3250 plebis
421 3171 560 3248 priuatus
583 3169 776 3230 intercessit:
810 3179 877 3230 tam
900 3188 1019 3248 magno
1042 3177 1151 3242 tamen
1174 3167 1303 3229 fratrem
1328 3165 1506 3228 desiderauit

291 3276 342 3337 hic
364 3277 479 3350 animo,
503 3295 599 3355 quam
622 3273 815 3338 defenderat.
854 3275 929 3355 quid
946 3273 1078 3336 referam
1095 3273 1309 3361 Aemilianum
1327 3272 1504 3353 Scipionem,
1523 3282 1537 3332 5

292 3382 343 3462 qui
381 3402 444 3442 uno
482 3402 584 3462 paene
622 3384 801 3463 eodemque
831 3390 979 3462 tempore
1009 3381 1163 3461 spectauit
1194 3383 1291 3460 patris
1323 3377 1504 3459 triumphum

293 3490 490 3569 duorumque
521 3487 652 3551 fratrum
683 3488 812 3550 funera?
858 3486 1110 3549 adulescentulus
1140 3494 1247 3548 tamen
1279 3506 1317 3547 ac
1348 3502 1503 3567 propemo-

254 3614 279 3654 ao
294 3596 370 3656 dum
393 3615 471 3675 puer
492 3604 583 3657 tanto
605 3598 712 3658 animo
736 3595 806 3656 tulit
829 3593 911 3656 illam
935 3592 1070 3655 familiae
1093 3613 1167 3655 suae
1190 3613 1286 3672 super
1309 3593 1410 3674 ipsum
1432 3587 1504 3662 Pauli

293 3701 488 3784 triumphum
509 3702 713 3780 *concidentis
744 3701 881 3766 subitam
912 3701 1117 3786 uastitatem„
1145 3709 1265 3780 quanto
1298 3699 1407 3761 debuit
1435 3694 1502 3757 ferre

295 3900 505 3908 ———--—-—·—-—

296 4021 381 4073 3eius
400 4021 532 4071 iustissima
551 4018 578 4071 Ε
667 4019 793 4084 dmagno
813 4020 911 4069 uulnere
926 4017 949 4072 B
967 4035 1085 4084 magnum
1105 4019 1197 4068 uulneri
1210 4015 1238 4070 Ε
1326 4013 1502 4080 8compellere·

296 4112 329 4159 ris
347 4107 401 4163 DE
418 4111 574 4174 compelleris
597 4107 620 4160 B
709 4111 890 4158 tenacissimam
909 4109 1055 4158 memoriam
1076 4104 1130 4160 DE
1224 4105 1239 4158 9
1265 4102 1425 4172 applicuitD

298 4199 328 4252 11
350 4197 467 4250 ueludB
568 4198 661 4247 doloris
681 4203 704 4246 tu
723 4196 751 4249 Ε
853 4195 885 4249 16
910 4199 1036 4246 innumera
1055 4194 1166 4264 lipsius
1183 4197 1247 4244 mira
1267 4181 1377 4249 ΒΕΕ
1440 4189 1501 4242 etad

298 4285 442 4340 annalesD
533 4286 565 4338 17
591 4287 719 4350 ymagines
737 4283 763 4337 B
860 4285 893 4338 19
914 4288 944 4335 'in
963 4291 1161 4334 ornamentorum
1180 4282 1235 4337 DE
1330 4283 1364 4338 22
1388 4285 1454 4333 frater
1468 4277 1500 4342 qui

299 4375 433 4441 (nonsibi)
451 4377 538 4440 eripuit
553 4375 577 4430 B
661 4374 698 4428 23-
713 4377 809 4440 patiens
827 4376 885 4424 iuris
903 4383 925 4424 et
945 4373 1055 4440 aequiB
1073 4376 1130 4423 iuris
1149 4375 1221 4438 aequi
1239 4375 1370 4439 impatiens
1382 4369 1431 4426 ΕΕ

299 4463 333 4517 27
352 4465 494 4514 defenderat
512 4463 594 4534 uufqo
614 4465 755 4513 defenderet
774 4462 799 4515 B
818 4464 954 4513 defenderit
974 4461 1028 4516 DE
1116 4462 1147 4518 31
1168 4463 1230 4512 ferre
1248 4465 1299 4512 uim
1319 4459 1371 4516 DE
