3184 5318
310 330 391 378 DIAL.
401 333 450 378 VII.
480 333 522 376 AD
538 333 715 376 GALLIONEM
732 335 771 376 DE
786 335 856 378 VITA
871 335 977 378 ΒΕΑΤΑ.
1007 339 1026 382 1.
1042 339 1061 380 8.
1236 345 1294 406 161

5 471 6 484 ’
87 479 190 556 similia,
204 479 303 542 Immo
319 477 442 544 diuersa
459 481 655 562 conponitis?
671 479 768 546 altum
784 482 935 564 quiddam
951 491 1000 547 est
1016 483 1120 560 uirtus,
1137 484 1298 550 excelsum

5 625 7 690 ὲ
88 598 112 650 et
126 585 232 670 regale,
248 587 405 662 inuictum,
421 585 631 670 infatigabile:
659 588 805 672 uoluptas
822 589 947 666 humile,
969 591 1088 684 seruile,
1111 591 1298 664 inbecillum,

5 727 6 784 3
87 695 241 768 caducum,
280 693 367 758 cuius
401 695 496 756 statio
535 715 572 756 ac
603 694 794 758 domicilium
826 694 959 760 fornices
992 707 1023 760 et
1053 698 1189 782 popinae
1219 707 1297 761 sunt.

5 833 6 846 κ
87 802 217 864 uirtutem
241 801 271 862 in
296 801 417 884 templo
441 801 618 877 conuenies,
641 803 672 863 in
696 801 776 878 soro,
799 804 829 864 in
851 805 943 879 curia,
966 824 1025 886 pro
1042 805 1137 867 muris
1153 814 1299 880 stantem,

5 945 6 950 κ
87 907 336 990 puluerulentam,
368 907 560 983 coloratam,
584 907 717 972 callosas
740 907 912 974 habentem
937 931 1066 974 manus:
1102 910 1327 992 uoluptatems

87 1013 246 1077 latitantem
270 1015 394 1096 saepius
418 1035 455 1077 ac
478 1014 626 1088 tenebras
647 1023 828 1098 captantem
850 1017 931 1078 circa
948 1017 1070 1080 balinea
1086 1037 1124 1080 ac
1139 1019 1301 1080 sudatoria

87 1142 117 1184 ac
136 1121 202 1184 loca
224 1120 360 1184 aedilem
377 1122 556 1196 metuentia,
580 1119 719 1198 mollem,
743 1142 901 1198 eneruem,
921 1143 1009 1186 mero
1026 1134 1121 1206 atque
1138 1134 1300 1206 unguento

90 1230 273 1302 madentem,
312 1226 460 1309 pallidam
500 1237 553 1290 aut
591 1227 727 1292 secatam
767 1239 799 1291 et
834 1229 1072 1292 medicamentis
1108 1230 1298 1311 pollinctam.

5 1317 6 1410 l
62 1355 229 1407 rsummum
253 1334 375 1396 bonum
398 1333 566 1397 inmortale
590 1343 656 1398 est:
692 1336 790 1398 nescit
813 1337 899 1398 exire
923 1356 982 1398 nec
1003 1338 1179 1402 satietatem
1203 1337 1300 1400 habet

5 1455 6 1468 ¹
87 1464 135 1506 nec
161 1444 391 1526 paenitentiam.
437 1461 612 1524 numquam
643 1445 725 1506 enim
757 1453 843 1507 recta
874 1465 963 1508 mens
996 1447 1125 1510 uertitur
1155 1465 1214 1508 nec
1242 1445 1299 1508 sibi
1317 1466 1340 1507 ιο

5 1569 7 1634 4
87 1551 149 1612 odio
179 1559 238 1626 est,
269 1571 329 1614 nec
359 1553 526 1632 quioquarn
563 1558 686 1612 mutant
709 1552 848 1634 optima:
883 1561 915 1612 at
940 1551 1084 1634 uoluptas
1107 1561 1196 1626 tunc,
1228 1572 1298 1614 cunr

5 1637 7 1658 i
88 1659 211 1720 maxime
234 1655 380 1732 delectat,
405 1657 604 1738 extinguitur.
644 1677 709 1728 non
732 1657 866 1720 multum
889 1657 949 1720 loci
979 1657 1084 1734 habet,
1109 1659 1213 1740 itaque
1237 1659 1300 1720 cito

5 1793 7 1828 i
87 1762 170 1846 inplet
205 1773 238 1826 et
272 1765 380 1826 taedio
412 1772 460 1826 est
492 1771 524 1826 et
554 1773 627 1846 post
659 1763 794 1848 primurn
825 1765 967 1846 inpetum
999 1775 1136 1828 marcet:
1180 1785 1238 1828 nec
1269 1765 1300 1826 id

5 1877 7 1950 j
87 1891 221 1953 umquam
252 1880 373 1934 certum
405 1881 468 1944 est,
501 1872 586 1934 cuius
616 1872 646 1932 in
678 1879 769 1932 motu
800 1882 911 1934 natura
942 1880 998 1934 est.
1049 1873 1092 1934 ita
1123 1893 1162 1934 ne
1193 1882 1301 1954 potest

5 2011 7 2060 ς
87 1979 199 2060 quidem
231 1977 293 2042 ulla
321 1978 386 2040 eius
411 1997 480 2040 esse
503 1977 694 2054 substantia,
724 1979 813 2059 quod
837 1978 920 2041 uenit
944 1980 1117 2060 transitque
1140 1978 1300 2044 celerrime
1317 2000 1340 2040 rs

5 2061 6 2146 J
87 2084 193 2168 inipso
217 2106 274 2148 usu
297 2085 343 2147 sui
366 2085 546 2168 periturum.
593 2105 632 2146 eo
656 2085 739 2147 enim
763 2085 902 2168 peruenit
927 2085 979 2146 ubi
1004 2087 1138 2160 desinat,
1168 2096 1199 2148 et
1223 2087 1299 2148 dum

5 2253 7 2264 ,
84 2191 185 2275 incipit,
208 2201 332 2274 spectat
355 2193 400 2254 ad
421 2190 525 2254 finem.

63 2311 69 2361 t
162 2299 245 2363 VIII.
285 2297 388 2382 Quid,
419 2298 507 2379 quod
530 2306 596 2360 tam
620 2297 712 2360 bonis
735 2319 831 2380 quam
855 2298 945 2362 malis
969 2297 1116 2381 uoluptas
1139 2299 1218 2360 inest
1242 2319 1301 2360 nec

88 2406 174 2468 minus
210 2416 318 2488 turpes
356 2405 494 2466 dedecus
529 2425 621 2468 suum
651 2425 747 2486 quam
778 2403 931 2469 honestos
962 2406 1091 2488 egregia
1121 2404 1299 2468 delectant?

86 2511 207 2594 ideoque
229 2519 459 2595 praeceperunt
483 2519 605 2574 ueteres
628 2511 784 2595 optimam
808 2513 896 2594 sequi
920 2513 1030 2587 uitam,
1058 2532 1121 2574 non
1146 2513 1299 2574 iucundis.
1314 2531 1341 2572 ao

87 2619 201 2695 simam,
225 2629 259 2682 ut
284 2628 388 2682 rectae
411 2638 448 2680 ac
471 2617 577 2680 bonae
606 2617 776 2682 uoluntatis
799 2640 864 2682 non
888 2621 972 2695 dux,
1003 2621 1060 2682 sed
1085 2640 1194 2682 comes
1218 2629 1301 2681 esset

87 2725 226 2808 uoluptas.
273 2735 385 2790 natura
416 2725 500 2787 enirn
532 2727 612 2788 duce
644 2727 795 2790 utendum
824 2737 882 2789 est.
927 2727 1009 2789 hanc
1039 2727 1118 2788 ratio
1143 2727 1300 2798 obseruat,

62 2831 155 2895 thane
182 2831 323 2895 consulit.
368 2833 452 2895 idem
477 2839 525 2896 est
548 2851 625 2912 ergo
651 2833 744 2896 beate
768 2834 873 2895 uiuere
897 2843 930 2896 et
951 2835 1124 2896 secundum
1148 2842 1300 2895 naturam.
1387 2859 1391 2870 ·

83 2938 138 3002 hoc
158 2941 233 3022 quid
255 2941 304 3014 sit,
328 2940 389 3002 iam
413 2939 571 3022 aperiam:
597 2940 622 3002 si
645 2940 786 3020 corporis
811 2941 904 3002 dotes
928 2947 960 3002 et
982 2948 1057 3022 apta
1079 2949 1209 3011 naturae
1225 2959 1298 3000 con-

85 3048 259 3110 seruarimus
283 3044 449 3128 diligenter
472 3053 504 3107 et
526 3045 673 3128 inpauide
695 3055 859 3128 tamquam
882 3047 911 3108 in
932 3047 1016 3110 diem
1034 3048 1108 3110 data
1123 3055 1155 3108 et
1172 3046 1301 3128 fugacia,
1315 3065 1341 3105 as

86 3223 285 3232 Ψ-

89 3329 253 3395 icomponiiis
326 3327 464 3394 bgallosas
477 3325 642 3383 deteriores:
663 3328 743 3394 galles
816 3327 925 3394 bsepius
996 3328 1096 3379 ballnea
1109 3329 1130 3394 (i
1143 3329 1234 3390 erasa)

87 3416 244 3522 isitiiilidin
266 3471 416 3540 (suprascr.
436 3484 469 3521 m.
490 3470 555 3537 rec.)
646 3469 681 3525 10
699 3487 745 3522 nec
765 3473 942 3536 poenitentiam
963 3469 1064 3541 neap:
1092 3416 1301 3536 ηειομέαξίᾚῆαηι

88 3555 224 3628 (suprascr.
243 3575 277 3612 m.
291 3560 357 3626 rec.)
444 3561 475 3612 11
496 3563 600 3611 mutauit
612 3563 708 3625 optima
722 3559 781 3614 uod.
795 3565 889 3611 mutant
902 3561 997 3626 optima
1012 3556 1095 3622 Koch,
1116 3557 1154 3612 iia
1167 3567 1195 3612 ut
1208 3565 1302 3609 mutant

88 3643 147 3698 idem
171 3649 304 3720 significet
328 3648 404 3718 quod
430 3655 552 3700 mutantur
579 3648 628 3718 (os.
654 3652 696 3712 18,
718 3653 732 3701 2
752 3667 797 3720 nec
816 3650 959 3715 malignitas
977 3649 1082 3698 meista
1171 3651 1302 3700 deterrebit

88 3737 114 3784 ab
131 3740 224 3804 optimis
231 3757 238 3798 ;
267 3736 302 3792 de
321 3736 379 3792 hm.
400 3741 424 3802 6,
444 3741 486 3802 23,
507 3741 521 3790 2
542 3741 574 3787 ab
594 3740 694 3804 optimis
714 3741 843 3797 aberrare;
871 3735 905 3791 de
925 3736 983 3792 ben.
1003 3741 1028 3801 7,
1051 3725 1097 3799 1'9,
1118 3739 1132 3788 5
1152 3740 1178 3788 In
1196 3739 1302 3804 pessima

88 3825 114 3872 ab
131 3829 224 3892 optimis
244 3829 343 3896 lapsus3
364 3825 451 3894 Quini.
467 3831 482 3881 8
497 3844 620 3899 prooem.
636 3829 663 3880 lt
688 3830 783 3893 optima
804 3829 875 3878 rebus
894 3829 1042 3886 cohaerent3
1068 3829 1106 3894 12,
1121 3827 1144 3886 2,
1160 3828 1192 3878 22
1206 3827 1302 3890 optima

88 3917 230 3982 nescientis);
258 3923 336 3967 mutat
361 3935 375 3968 a
401 3919 441 3967 uia
466 3919 561 3984 optima
580 3913 709 3987 Madut'p,
733 3923 813 3982 ,mutat
831 3923 856 3966 ut
881 3919 976 3982 optima
997 3913 1092 3980 Gertz,
1118 3916 1221 3965 mutauit
1245 3915 1302 3980 quia

87 4017 170 4070 semper
187 4023 284 4073 semper
304 4013 386 4057 secuta
405 4013 440 4057 est
459 4007 552 4078 optima
571 4003 604 4070 Ε,
624 4008 726 4056 mutauit
744 4006 802 4071 quia
820 4022 917 4071 semper
935 4013 1036 4071 sequuta
1054 4013 1088 4054 est
1108 4005 1202 4069 optima
1217 3999 1301 4071 Neap.

166 4094 195 4148 13
222 4097 289 4146 tedio
380 4097 476 4162 impelii
587 4094 619 4147 14
644 4097 747 4145 immoto
857 4095 890 4147 lit
916 4095 1048 4160 transitque
1069 4089 1165 4146 Gertz:
1186 4093 1302 4140 transitne

183 4185 214 4238 16
234 4185 346 4252 peruenit
366 4199 424 4238 oum
444 4181 587 4254 Maduipr'o
606 4185 640 4237 et'
652 4181 762 4236 Gertzio
781 4182 839 4253 ipse
858 4199 964 4253 quoque
979 4197 1034 4253 pro
1054 4177 1300 4251 comprohatum

88 4271 226 4328 emendatio
246 4274 352 4327 incerta
371 4281 419 4326 est.
460 4271 505 4327 ille
520 4272 667 4344 proposuit
685 4273 774 4340 pergit,
792 4270 836 4324 lic
854 4273 962 4338 proruit;
987 4267 1111 4339 fortasse
1129 4265 1303 4322 scribendum

88 4365 122 4410 est
138 4365 259 4426 peruenire
277 4362 327 4412 uult
418 4361 453 4416 20
473 4364 653 4414 iocundissima
672 4369 698 4428 (o
717 4367 848 4438 cornea
865 4361 890 4425 u)
981 4360 1013 4413 21
1035 4365 1099 4410 recte
1118 4375 1146 4408 ae
1166 4359 1232 4407 bone

90 4457 141 4498 esset
159 4449 251 4504 Gertz:
273 4451 303 4500 sit
394 4449 427 4503 24
453 4454 646 4502 conseruarimus
668 4448 764 4504 Gertz:
786 4451 987 4500 conseruabimus
1077 4447 1110 4500 25
1136 4449 1196 4498 datii

1053 4535 1084 4588 11
