3234 5336
292 359 515 401 CONTVMELIAM
536 359 682 402 seclusus
701 359 880 402 SAPIENTEM.
901 358 961 403 XlV.
977 359 1025 402 XV.
1041 359 1099 404 xvt.
1265 362 1302 426 31

97 507 167 587 regis
197 505 382 568 recumbere
413 505 490 568 infra
521 526 663 570 mensam
695 505 842 586 uescique
870 526 941 568 curn
974 505 1072 568 seruis
1100 505 1307 586 ignominiosa

98 611 189 675 officia
218 612 336 675 sortitis
361 612 533 676 iubebitur?
573 613 696 694 siquid
721 612 805 674 aliud
830 612 911 675 serre
935 622 1067 694 cogetur
1091 633 1200 674 eorum
1224 631 1306 693 quae

69 720 255 800 lexcogitari
286 720 399 801 pudori
430 721 566 802 ingenuo
598 720 732 782 molesta
762 723 912 802 possunt?
963 722 1306 800 inquantumcumque

95 829 144 888 ista
165 825 212 888 uel
235 847 369 888 numero
393 827 443 889 uel
467 827 682 908 magnitudine
707 826 868 902 creuerint,
893 827 1033 889 eiusdem
1049 835 1180 888 naturae
1197 835 1302 888 erunt:

96 934 114 994 si
141 955 199 996 non
230 943 363 1015 tangent
394 933 479 996 illurn
509 954 620 1016 parua,
651 955 691 996 ne
715 935 834 997 maiora
856 935 993 1015 quidem.
1039 934 1063 994 si
1087 953 1151 995 non
1175 941 1306 1012 tangent
1334 956 1346 994 s

95 1061 194 1123 pauca,
223 1061 264 1102 ne
295 1039 384 1122 plura
413 1040 551 1122 quidem.
597 1043 654 1104 sed
678 1063 720 1103 ex
744 1040 942 1103 inbecillitate
966 1049 1071 1102 uestra
1094 1041 1305 1102 coniecturam

95 1147 190 1229 capitis
212 1148 347 1228 ingentis
370 1133 472 1222 animi,
497 1157 528 1210 et
552 1169 623 1210 cum
649 1149 818 1228 cogitastis
843 1156 996 1228 quantum
1020 1147 1136 1230 putetis
1160 1167 1218 1208 uos
1241 1148 1306 1228 pati

95 1275 188 1336 posse,
219 1255 368 1335 sapientis
392 1254 561 1336 patientiae
586 1254 681 1337 paulo
705 1255 885 1324 ulteriorem
909 1255 1076 1316 terminum
1100 1253 1231 1336 ponitis:
1273 1261 1306 1316 at

94 1361 165 1424 illum
195 1361 225 1423 in
256 1360 321 1426 aliis
353 1362 461 1423 mundi
492 1361 605 1424 finibus
635 1382 692 1426 sua
720 1363 816 1424 uirtus
840 1359 1019 1424 conlocauit
1042 1359 1116 1422 nihil
1140 1355 1304 1422 uobiscum

66 1478 78 1526 lt
94 1488 247 1530 commune
279 1466 460 1530 habentem.
505 1487 622 1550 quaere
654 1477 685 1530 et
716 1487 827 1550 aspera
858 1477 890 1528 et
921 1453 1140 1548 qua'ecumque
1168 1465 1346 1528 toleratum

93 1575 186 1654 grauia
215 1583 289 1636 sunt
319 1575 492 1656 audituque
525 1584 557 1637 et
587 1575 653 1636 uisu
686 1573 885 1654 refugienda:
927 1593 990 1634 non
1019 1573 1171 1635 obruetur
1194 1593 1303 1634 eorum

93 1689 173 1742 coetu
203 1688 235 1744 et
266 1680 366 1761 qualis
397 1679 543 1762 singuliS,¹
569 1681 638 1743 talis
670 1681 820 1744 uniuersis
854 1679 994 1743 obsistet.
1041 1681 1094 1760 qui
1125 1680 1199 1742 dicit
1230 1679 1305 1740 illud

92 1787 241 1850 tolerabile
272 1787 417 1869 sapienti,
450 1787 523 1849 illud
548 1787 758 1861 intolerabile,
782 1797 813 1849 et
836 1787 929 1850 animi
955 1786 1202 1865 magnitudinem
1225 1787 1306 1847 intra

92 1903 183 1955 certos
206 1894 284 1956 fines
308 1901 405 1968 tenet,
430 1893 512 1956 male
536 1895 617 1974 agit:
653 1895 745 1956 uincit
769 1913 828 1956 nos
851 1893 985 1968 fortuna,
1009 1893 1064 1954 nisi
1080 1902 1149 1956 tota
1165 1893 1304 1954 uincitur.

64 2008 75 2059 l
91 2021 125 2061 ne
139 2010 224 2082 putes
241 2001 333 2062 istam
348 1998 488 2063 Stoicam
506 2021 574 2062 esse
591 2001 744 2074 duritiam,
767 1999 929 2082 Epicurus
950 2021 1045 2080 quem
1062 2021 1119 2060 uos
1134 2008 1303 2082 patronum
1322 2019 1345 2060 u

90 2109 204 2170 inertiae
227 2117 351 2170 uestrae
374 2107 538 2169 adsumitis
562 2107 740 2189 putatisque
764 2105 869 2168 mollia
892 2127 929 2168 ac
952 2107 1110 2168 desidiosa
1125 2106 1306 2188 praecipere

91 2215 175 2275 etad
199 2212 377 2296 uoluptates
400 2212 560 2288 ducentia,
585 2233 669 2288 raro,
694 2214 804 2294 inquit,
829 2212 953 2274 fortuna
976 2213 1107 2295 sapienti
1131 2211 1304 2274 interuenit.

91 2339 173 2400 quarn
189 2340 289 2402 paene
306 2319 408 2382 emisit
432 2321 486 2381 uiri
503 2323 635 2382 uocem!
663 2321 709 2381 uis
730 2327 764 2380 tu
785 2318 896 2381 fortius
912 2318 996 2399 loqui
1012 2327 1044 2380 et
1060 2317 1144 2379 illam
1168 2337 1210 2379 ex
1234 2325 1305 2378 toto

63 2433 75 2482 l
91 2431 296 2488 summouere!
326 2427 442 2488 domus
458 2424 537 2488 haec
552 2427 699 2508 sapientis
715 2401 857 2508 angusta,
881 2428 946 2488 sine
962 2425 1055 2500 cultu,
1079 2425 1144 2486 sine
1164 2427 1304 2506 strepitu,

92 2531 148 2593 sine
170 2535 338 2614 adparatu,
371 2531 460 2595 nullis
493 2534 677 2595 adseruatur
700 2532 881 2596 ianitoribus
905 2532 1030 2594 turbam
1054 2531 1155 2593 uenali
1179 2529 1345 2592 fastidioso

91 2637 306 2717 digerentibus,
338 2639 394 2701 sed
426 2659 482 2720 per
513 2637 576 2700 hoc
605 2638 700 2702 limen
732 2659 866 2701 uacuum
898 2647 929 2700 et
953 2639 993 2699 ab
1017 2637 1149 2700 ostiariis
1173 2636 1303 2700 liberum

92 2739 202 2807 fortuna
225 2766 289 2806 non
313 2746 430 2808 transit.
471 2746 528 2807 scit
552 2766 615 2806 non
640 2766 708 2807 esse
732 2745 791 2806 illic
806 2745 864 2806 sibi
885 2745 1002 2818 locum,
1026 2744 1079 2805 ubi
1095 2745 1141 2806 sui
1157 2743 1231 2805 nihil
1248 2754 1303 2806 est.

68 2859 73 2908 l
170 2851 254 2915 XVI.
286 2851 411 2934 Quodsi
428 2831 581 2934 Epicurus
605 2871 741 2933 quoque,
764 2853 817 2932 qui
841 2852 964 2934 corpori
984 2850 1153 2932 plurimum
1169 2849 1303 2926 indulsit,

91 2957 230 3020 aduersus
262 2958 385 3020 iniurias
409 2960 552 3038 exurgit,
583 2959 659 3038 quid
683 2959 767 3040 apud
791 2978 850 3019 nos
874 2957 1052 3018 incredibile
1076 2957 1173 3018 uideri
1196 2965 1304 3037 potest

91 3072 138 3124 aut
158 3085 249 3146 supra
272 3064 430 3128 humanae
453 3074 582 3126 naturae
607 3067 808 3126 mensuram?
841 3063 890 3126 ille
914 3065 955 3125 ait
980 3063 1101 3124 iniurias
1124 3063 1303 3125 tolerabiles
1317 3083 1343 3124 rs

91 3189 150 3232 esse
170 3173 309 3254 sapienti,
332 3193 390 3233 nos
414 3173 535 3233 iniurias
559 3190 622 3232 non
647 3191 723 3232 esse.
763 3191 822 3233 nec
845 3170 926 3232 enim
948 3179 1009 3244 est,
1032 3170 1120 3252 quod
1141 3171 1226 3232 dicas
1242 3169 1304 3231 hoc

62 3285 206 3340 lnaturae
230 3298 415 3360 repugnare.
454 3299 517 3340 non
542 3297 695 3359 negamus
719 3298 785 3340 rem
805 3276 1040 3340 incommodam
1061 3297 1131 3338 esse
1147 3277 1304 3340 uerberari

90 3391 118 3442 et
145 3383 242 3466 inpelli
274 3393 307 3446 et
338 3385 442 3464 aliquo
468 3385 613 3448 membro
637 3405 757 3459 carere,
789 3385 847 3446 sed
869 3385 977 3446 omnia
1000 3384 1058 3445 ista
1082 3403 1235 3464 negamus
1257 3384 1302 3445 in·

90 3487 168 3552 iurias
190 3511 267 3554 esse.
308 3511 371 3552 non
388 3509 514 3553 sensum
531 3489 586 3552 illis
603 3491 722 3553 doloris
738 3490 939 3566 detrahimus
962 3491 1019 3552 sed
1035 3510 1153 3552 nornen
1168 3491 1302 3564 iniuriae,

89 3597 165 3673 quod
187 3618 249 3659 non
274 3605 383 3678 potest
405 3598 499 3679 recipi
521 3599 634 3660 uirtute
654 3597 748 3659 salua.
787 3606 855 3659 uter
879 3597 981 3659 uerius
1002 3597 1086 3659 dicat
1107 3597 1299 3660 uidebimus:
1317 3617 1343 3658 ao

88 3701 126 3760 ad
153 3712 367 3784 contemptum
391 3705 518 3784 quidem
543 3705 668 3765 iniuriae
696 3715 828 3784 uterque
861 3705 1026 3766 consentit.
1073 3705 1194 3785 quaeris
1226 3703 1302 3783 quid

88 3804 158 3868 inter
187 3811 268 3872 duos
289 3809 438 3902 intersit?
483 3813 571 3891 quod
603 3811 683 3872 inter
710 3809 902 3892 gladiatores
933 3809 1132 3886 fortissimm,
1167 3831 1300 3890 quorum

207 3935 285 3942 ''⁹‘'
517 3940 524 3969 l

169 4004 369 4054 liimbeeillitate
459 3986 591 4072 8adillti'
664 4005 832 4058 ucolloeauit
927 4006 956 4057 ltl
975 4021 1064 4070 quaere
1077 4001 1205 4072 Madut'q:
1227 4018 1301 4066 quare

173 4091 200 4142 l‘l
220 4099 273 4156 cetu
363 4093 421 4141 illud
447 4093 475 4160 (d
494 4107 532 4146 ex
551 4100 559 4141 t
578 4097 662 4160 corr.)
759 4094 788 4146 lu
809 4101 891 4159 putus,
916 4109 949 4146 m.
969 4109 1024 4147 rec.
1045 4107 1183 4164 super-scr.
1203 4093 1212 4139 l
1232 4091 1300 4139 dicas

985 4175 994 4202 S

171 4191 239 4296 patrb
259 4235 285 4300 (o
306 4249 338 4288 m.
355 4235 412 4302 pr.)
497 4236 527 4286 lu
547 4251 609 4300 pene
656 4237 730 4287 *zu
749 4243 867 4302 apparatu
961 4219 1102 4320 adseruntur
1182 4233 1212 4284 21
1235 4191 1299 4283 uacutl

172 4319 296 4424 ebbstiaris
385 4373 418 4428 ‘24
444 4377 484 4440 qui
510 4377 536 4425 id
558 4374 654 4430 Haase
744 4377 774 4430 31
802 4335 906 4429 οοῃῐῦξῦ
997 4378 1030 4428 :ta
1056 4379 1116 4425 inter
1141 4377 1202 4424 dnos
1227 4379 1301 4428 recte

87 4463 173 4512 tuetur
192 4459 269 4516 Gertz
