3212 5326
285 343 327 401 44
632 335 710 378 mna.
730 336 770 378 111.
790 336 830 376 un
850 337 902 377 mn
922 336 977 380 nin.
996 336 1013 378 1.
1032 341 1052 380 a.
1072 342 1105 380 ιο.
1125 341 1159 378 11.

283 482 372 562 quod
395 490 443 543 est
459 481 579 544 salsum.
615 502 690 543 nam
712 487 739 543 si
753 483 884 544 exaudit
899 483 1054 544 rationem
1076 483 1277 563 sequiturque
1293 503 1356 564 qua
1380 481 1510 556 ducitur,

283 590 345 650 iam
369 609 434 650 non
457 598 505 650 est
528 590 581 663 ira,
605 589 690 650 cuius
713 589 876 669 proprium
900 598 949 651 est
969 590 1175 650 contumacia.
1206 590 1232 650 si
1255 609 1332 650 uero
1355 598 1511 670 repugnat

285 705 317 757 et
340 715 410 769 non,
428 695 481 756 ubi
504 697 587 757 iussa
617 705 665 756 est
688 696 831 777 quiescit,
863 697 921 757 sed
952 695 1080 758 libidine
1111 695 1288 776 ferociaque
1318 695 1510 775 prouehitur,

284 811 350 863 tam
375 799 488 862 inutilis
511 801 605 863 animi
636 802 776 862 minister
806 810 855 863 est
878 799 974 882 quani
998 800 1100 876 miles,
1132 803 1185 882 qui
1215 802 1340 882 signum
1371 803 1511 882 receptui

243 936 254 974 ⁵
283 907 432 988 neglegit.
479 909 585 988 itaque
624 909 649 970 si
687 909 820 969 modum
852 908 994 969 adhiberi
1032 908 1090 970 sibi
1120 909 1252 990 patitur,
1291 907 1351 969 alio
1383 909 1538 975 nominee

284 1013 473 1094 adpellanda
504 1023 567 1087 est,
600 1013 691 1075 desiit
721 1015 766 1074 ira
796 1035 881 1088 esse,
916 1035 1014 1095 quam
1044 1013 1228 1076 effrenatam
1259 1015 1511 1095 indomitamque

284 1119 443 1201 intellego.
474 1121 500 1180 si
516 1140 580 1180 non
595 1122 720 1200 patitur,
743 1121 917 1202 perniciosa
941 1130 990 1182 est
1005 1141 1064 1182 nec
1079 1121 1160 1182 inter
1175 1119 1291 1184 auxilia
1306 1122 1509 1182 numeranda.

285 1229 327 1288 ita
350 1235 403 1287 aut
432 1227 476 1287 ira
499 1247 562 1287 non
594 1236 642 1287 est
673 1235 727 1287 aut
757 1226 878 1302 inutilis,
894 1235 951 1288 est.
1001 1247 1075 1289 nam
1103 1227 1129 1288 si
1158 1230 1227 1308 quis
1249 1247 1390 1308 poenam
1414 1227 1539 1306 exigitl

284 1353 349 1394 non
372 1333 468 1413 ipsius
491 1353 616 1413 poenae
631 1333 750 1407 auidus,
774 1334 831 1394 sed
855 1333 928 1412 quia
950 1341 1087 1414 oportet,
1111 1353 1176 1394 non
1192 1343 1240 1395 est
1255 1333 1511 1395 adnumerandus

247 1466 270 1506 ιο
284 1441 377 1501 iratis.
416 1438 466 1501 hic
482 1441 539 1501 erit
556 1419 636 1500 utilis
661 1439 749 1500 miles
772 1440 825 1519 qui
848 1440 906 1500 scit
921 1459 1033 1521 parere
1049 1440 1188 1501 consilio.
1223 1439 1366 1502 adlectus
1382 1440 1510 1519 quidem

222 1567 225 1572 ·
283 1555 350 1607 tam
374 1544 448 1626 malj
472 1547 602 1608 ministri
625 1566 721 1626 quam
745 1546 842 1607 duces
865 1554 946 1606 sunt.

373 1653 412 1712 X.
437 1652 515 1713 Ideo
547 1673 719 1734 numquam
751 1654 897 1714 adsumet
935 1653 1014 1714 ratio
1045 1654 1076 1713 in
1108 1653 1296 1714 adiutorium
1327 1652 1538 1733 inprouidosl

286 1768 318 1819 et
341 1758 496 1820 uiolentos
519 1760 650 1840 inpetuS,
674 1760 758 1840 apud
782 1779 865 1839 quos
887 1758 961 1820 nihil
984 1760 1051 1840 ipsa
1066 1760 1261 1820 auctoritatis
1280 1758 1408 1834 habeat,
1432 1779 1510 1839 quos

285 1885 459 1945 numquam
483 1867 680 1946 conprimere
702 1867 818 1947 possit,
850 1865 906 1926 nisi
929 1885 1023 1946 pares
1047 1865 1103 1927 illis
1126 1865 1296 1946 similisque
1318 1865 1509 1947 opposuerit,

248 1998 271 2043 rr
287 1980 321 2032 ut
352 1972 415 2033 irae
446 1981 584 2047 metum,
615 1972 743 2033 inertiae
773 1972 868 2045 iram,
899 1973 1004 2033 timori
1035 1973 1249 2054 cupiditatem.
1296 1973 1377 2034 absit
1408 1971 1472 2033 hoc
1494 1982 1539 2033 a‘t

288 2080 402 2142 uirtute
426 2077 553 2152 malum,
600 2087 634 2139 ut
665 2097 817 2158 umquam
841 2079 920 2139 ratio
944 2079 985 2140 ad
1009 2079 1083 2140 uitia
1105 2077 1272 2158 confugiat.
1319 2098 1382 2139 non
1406 2085 1511 2159 potest

285 2184 335 2245 hic
358 2185 480 2245 animus
503 2184 597 2246 fidele
620 2185 719 2246 otium
743 2205 865 2265 capere,
888 2186 1045 2266 quatiatur
1065 2205 1194 2246 necesse
1210 2193 1258 2246 est
1274 2184 1509 2265 fluctueturque,

286 2291 338 2370 qui
362 2290 451 2352 malis
475 2292 536 2353 suis
559 2299 646 2352 tutus
671 2300 733 2366 est,
765 2292 818 2371 qui
849 2289 937 2352 fortis
968 2311 1037 2352 esse
1061 2291 1117 2352 nisi
1144 2291 1285 2354 irascitur
1308 2311 1374 2352 non
1396 2299 1509 2372 potest,

285 2397 453 2458 industrius
476 2398 532 2457 nisi
556 2398 649 2478 cupit,
673 2399 797 2478 quietus
820 2398 876 2458 nisi
899 2399 1005 2459 timet:
1031 2398 1063 2458 in
1085 2398 1252 2477 tyrannide
1276 2396 1317 2458 illi
1341 2399 1509 2459 uiuendum

232 2526 258 2566 n
286 2504 387 2564 estin
418 2502 543 2564 alicuius
574 2503 716 2565 adfectus
748 2504 883 2564 uenienti
914 2504 1105 2565 seruitutem.
1155 2524 1221 2564 non
1251 2505 1351 2585 pudet
1382 2505 1509 2564 uirtutes

286 2611 317 2670 in
340 2607 516 2670 clientelam
539 2611 687 2670 uitiorum
711 2611 899 2672 demittere?
944 2611 1059 2672 deinde
1082 2611 1194 2672 desinit
1218 2611 1387 2690 quicquam
1418 2616 1538 2690 posse3

286 2717 375 2791 rati0,
399 2717 424 2777 si
448 2715 521 2777 nihil
543 2725 652 2797 potest
675 2717 741 2778 sine
764 2715 899 2791 adfectu,
924 2725 956 2778 et
978 2717 1084 2798 incipit
1106 2737 1163 2796 par
1187 2716 1227 2777 illi
1251 2716 1422 2796 similisque
1437 2735 1509 2778 esse.

285 2823 361 2904 quid
385 2823 468 2884 enim
492 2824 629 2896 interest,
652 2824 678 2884 si
694 2843 795 2903 aeque
811 2822 952 2885 adfectus
969 2822 1144 2884 inconsulta
1167 2843 1215 2884 res
1240 2831 1287 2884 est
1310 2823 1377 2884 sine
1392 2825 1509 2884 ratione

286 2949 381 3010 quarn
413 2931 492 2990 ratio
509 2931 591 2990 'sine
621 2928 747 2991 adfectu
778 2928 943 2991 inefficax?
975 2949 1033 3010 par
1064 2938 1233 3009 utrumque
1264 2940 1327 3003 est,
1359 2930 1414 2990 ubi
1445 2949 1508 2991 esse

247 3059 272 3098 aa
286 3035 419 3096 alterum
450 3037 516 3096 sine
546 3035 647 3096 altero
677 3056 742 3096 non
773 3044 888 3116 potest.
933 3037 1002 3116 quis
1033 3044 1140 3096 autem
1171 3037 1322 3097 sustineat
1352 3036 1507 3099 adlectum

287 3161 464 3221 exaequare
480 3142 611 3203 rationi?
642 3144 699 3217 ita,
722 3143 833 3222 inquit,
861 3141 943 3203 utilis
966 3140 1109 3204 adfectus
1132 3151 1192 3216 est,
1222 3144 1248 3202 si
1279 3143 1425 3204 modicus
1456 3147 1538 3204 esta

286 3249 385 3309 immo
417 3249 442 3308 si
472 3257 583 3309 natura
612 3247 693 3308 utilis
724 3257 780 3309 est.
837 3249 894 3310 sed
925 3249 950 3308 si
988 3249 1142 3329 inpatiens
1172 3248 1291 3330 imperii
1322 3250 1508 3328 rationisque

286 3362 342 3428 est,
366 3354 428 3415 hoc
450 3354 619 3415 dumtaxat
643 3355 863 3416 moderatione
887 3364 1105 3436 consequetur,
1136 3362 1171 3416 ut
1198 3375 1263 3436 quo
1287 3355 1391 3416 minor
1414 3355 1507 3429 luerit,

286 3460 388 3522 minus
420 3469 553 3522 noceat:
583 3480 665 3540 ‚ergo
697 3449 840 3522 modicus
871 3460 1014 3522 adfectus
1045 3459 1119 3521 nihil
1150 3460 1234 3521 aliud
1264 3481 1361 3541 quam
1393 3443 1506 3522 malum

246 3589 272 3628 ao
287 3568 447 3629 modicum
472 3575 527 3628 est.

376 3673 429 3734 XI.
458 3671 523 3735 Sed
545 3673 696 3734 aduersus
716 3672 834 3748 hostes,
858 3674 965 3755 inquit,
989 3674 1034 3734 ira
1056 3682 1104 3735 est
1127 3674 1310 3735 necessaria.
1331 3686 1334 3692 '
1356 3692 1505 3754 nusquam
1527 3677 1537 3727 1

288 3903 300 3953 l
322 3908 357 3952 est
382 3903 470 3951 falsum
490 3901 549 3955 cod.
569 3903 656 3952 lalsum
676 3911 710 3953 est
729 3901 811 3972 uulqo
934 3921 982 3968 qua
1002 3896 1212 3972 ducitur'rrulqo:
1233 3920 1282 3968 quo
1302 3904 1398 3952 ducitur

287 3989 471 4056 bappellanda
581 3992 643 4040 desit
756 3992 931 4056 Tpnieciosa
1033 3990 1134 4055 &penu
1153 3997 1178 4045 et
1197 3992 1213 4044 9
1231 4009 1295 4056 pene
1403 3991 1432 4044 13
1451 3997 1506 4054 aput

288 4080 491 4146 (terrama)
620 4079 653 4133 14
672 4083 814 4146 opposuerit
833 4079 907 4146 cod„
937 4078 1031 4142 Gertz,
1051 4083 1192 4145 apposuerit
1212 4079 1300 4149 Neap.
1332 4079 1357 4134 Τ
1354 4096 1412 4134 ant.
1443 4077 1506 4130 Vett.

286 4167 333 4220 alt.
352 4170 497 4233 opposueris
516 4167 598 4238 nubo
734 4169 767 4221 17
786 4187 888 4234 capere,
908 4169 1040 4235 quatiatur]
1065 4169 1105 4222 sic
1126 4167 1208 4222 Gertz
1226 4168 1406 4238 interpunxit,
1427 4164 1505 4234 uulgw

287 4273 389 4320 capere:
410 4259 532 4321 quatiatur
645 4257 680 4310 20
698 4259 865 4326 estalparua
878 4258 945 4323 ras.)
1062 4257 1096 4310 22
1116 4259 1228 4322 εἰηιίἰίεῳ
1251 4259 1269 4324 (ί
1287 4263 1411 4311 extrema
1424 4254 1503 4318 corr.)

399 4346 432 4398 23
452 4347 514 4410 sieq;
642 4345 676 4398 24
695 4347 916 4415 affectualpartta
935 4346 1001 4412 ras.)
1121 4345 1155 4399 29
1175 4347 1241 4395 aliud
1261 4348 1289 4412 (d
1308 4348 1392 4412 corr.)

287 4433 320 4485 31
339 4440 378 4499 iqt
403 4435 422 4499 (t
441 4435 524 4496 corr.)
