3212 5318
288 337 369 382 orna.
384 337 425 380 rx.
452 338 496 381 nu
510 337 653 382 sraauvsr
670 339 709 382 oa
722 338 989 392 rsnnqurnrrnrs
1005 339 1101 385 rursu,
1131 341 1162 386 n.
1269 345 1334 408 219

15 461 17 516 ³
119 505 181 547 cunr
204 483 343 564 puerulis
357 483 507 548 Socrates
523 484 632 549 ludere
647 505 711 548 non
728 485 945 561 erubescebat,
966 495 1001 548 et
1017 483 1098 550 Cato
1114 487 1189 550 uino
1204 485 1336 550 laxabat

118 591 247 653 animum
281 593 363 654 curis
392 590 523 674 publicis
553 591 736 672 fatigatum,
772 601 805 656 et
835 590 945 675 Scipio.
973 590 1162 676 triumphale
1191 591 1269 656 illud
1299 611 1337 656 ac

117 695 242 760 militare
266 717 383 778 eorpus
406 699 506 761 mouit
529 699 571 762 ad
594 717 758 774 numeros,
788 719 852 762 non
877 697 1014 762 molliter
1035 718 1071 762 se
1093 695 1279 779 infringens,
1302 703 1336 760 ut

15 791 17 846 l
118 821 191 865 nunc
213 823 288 866 mos
311 812 361 866 est
382 806 479 867 etiam
501 805 623 870 incessu
642 807 714 888 ipso
735 805 815 869 ultra
831 803 1017 868 muliebrem
1034 803 1197 868 mollitiam
1214 801 1335 866 fluenti-

15 917 17 992 ἶ
117 909 181 984 bus,
205 909 265 972 sed
289 919 325 973 ut
347 912 465 993 antiqui
488 909 529 974 illi
553 910 607 974 uiri
629 887 878 976 solebantinter
901 910 1004 975 lusum
1026 931 1065 974 ac
1087 909 1169 974 festa
1191 916 1363 990 temperas

16 1061 17 1064 ,
117 1015 226 1078 uirilem
252 1018 285 1079 in
308 1015 439 1080 modum
463 1019 648 1100 tripudiare,
672 1039 737 1081 non
760 1016 870 1082 facturi
893 1017 1128 1093 detrimentum,
1151 1015 1272 1080 etiamsi
1295 1015 1336 1078 ab

88 1121 255 1187 ihostibus
287 1125 350 1186 suis
380 1132 603 1206 spectarentur.
650 1125 757 1188 danda
785 1134 835 1188 est
861 1125 972 1189 animis
995 1123 1157 1188 remissio:
1191 1122 1337 1186 meliores

115 1229 310 1312 acrioresque
325 1230 456 1312 requieti
470 1241 609 1314 surgent
646 1239 681 1294 ut
697 1229 848 1294 fertilibus
862 1232 946 1313 agris
961 1251 1026 1294 non
1042 1239 1091 1294 est
1106 1229 1336 1312 imperandum,

17 1343 18 1400 ζ
114 1336 171 1398 cito
193 1334 281 1399 enim
305 1335 374 1400 illos
389 1335 555 1402 exhauriet
569 1358 743 1421 numquam
759 1338 936 1402 intermissa
951 1336 1134 1414 fecunditas,
1157 1336 1200 1400 ita
1214 1337 1335 1398 animo-

114 1461 176 1504 rum
200 1443 327 1524 inpetus
350 1443 499 1507 adsiduus
522 1444 613 1507 labor
633 1442 765 1526 franget
804 1444 885 1506 uires
901 1443 1050 1526 recipient
1064 1441 1192 1526 paulum
1209 1443 1336 1508 resoluti
1353 1459 1376 1500 ¹⁰

114 1558 143 1611 et
170 1549 303 1612 remissi.
349 1551 485 1614 nascitur
515 1571 558 1614 ex
589 1551 777 1615 adsiduitate
805 1549 950 1614 laborum
973 1549 1149 1614 animorum
1173 1549 1336 1614 hebetatio

17 1669 18 1678 ¹
86 1669 98 1716 n·
114 1657 269 1737 quaedam
287 1668 319 1718 et
333 1654 473 1738 languor.
516 1677 575 1720 nec
591 1659 632 1720 ad
648 1655 711 1720 hoc
726 1666 815 1722 tanta
830 1655 995 1720 hominum
1011 1657 1165 1740 cupiditas
1181 1658 1336 1731 tenderet,

114 1761 164 1824 nisi
179 1761 359 1825 naturalem
375 1763 535 1844 quandam
552 1762 749 1845 uoluptatem
765 1762 899 1826 haberet
913 1761 997 1826 lusus
1013 1764 1170 1846 locusque.
1200 1783 1336 1846 quorum

113 1867 256 1949 frequens
287 1889 360 1932 usus
391 1889 487 1933 omne
515 1871 625 1933 animis
648 1872 774 1952 pondus
798 1889 990 1953 omnemque
1014 1870 1077 1934 uim
1101 1869 1227 1953 eripiet:
1262 1889 1336 1933 nam
1409 1858 1412 1866 ’

113 1983 142 2037 et
168 1995 305 2040 somnus
335 1974 495 2040 refectioni
524 1978 715 2040 necessarius
745 1987 811 2040 est:
845 1975 929 2040 hunc
952 1985 1059 2040 tamen
1082 1995 1208 2059 semper
1231 1977 1257 2039 si
1279 1995 1336 2058 per
1353 1992 1376 2032 ¹⁶

113 2082 192 2144 diem
217 2092 413 2165 noctemque
435 2083 615 2158 continues,
646 2103 733 2146 mors
757 2085 822 2146 erit.
868 2082 1002 2147 multum
1026 2081 1170 2158 interest,
1194 2083 1336 2148 remittas

86 2187 243 2271 taliquid,
276 2208 316 2250 an
344 2189 459 2252 soluas
503 2189 610 2272 legum
639 2191 821 2254 conditores
845 2191 943 2254 festos
966 2190 1164 2254 instituerunt
1187 2189 1270 2264 dies,
1302 2200 1337 2253 ut

112 2296 150 2356 ad
172 2293 364 2358 hilaritatem
389 2295 531 2360 homines
554 2295 679 2378 publice
702 2307 907 2379 cogerentur,
938 2307 1102 2379 tamquam
1126 2296 1335 2360 necessarium

111 2399 271 2464 laboribus
300 2402 534 2485 interponentes
558 2412 855 2486 temperamentum.
902 2413 935 2467 et
958 2405 1080 2486 magni,
1110 2411 1145 2466 ut
1168 2401 1250 2478 dixi,
1280 2401 1336 2464 uiri

112 2508 238 2588 quidam
263 2508 321 2572 sibi
345 2517 521 2594 menstruas
544 2511 636 2573 certis
660 2509 770 2572 diebus
793 2509 884 2574 ferias
908 2511 1041 2586 dabant,
1063 2509 1192 2592 quidam
1215 2507 1333 2572 nullum
1349 2521 1376 2564 ²⁰

111 2635 171 2676 non
207 2615 295 2678 diem
330 2615 410 2678 inter
441 2617 541 2679 otium
572 2626 604 2679 et
636 2637 725 2680 curas
757 2617 950 2681 diuidebant.
1003 2615 1128 2700 qualem
1160 2614 1334 2678 Pollionem

112 2720 256 2784 Asinium
290 2723 458 2801 [oratorem
491 2727 652 2806 magnum]
687 2723 902 2800 meminimus,
932 2743 1028 2806 quem
1059 2723 1149 2785 nulla'
1174 2743 1223 2785 res
1254 2722 1336 2786 ultra

112 2829 278 2892 decumam
303 2830 444 2892 detinuit
468 2907 469 2910 Ἴ
489 2850 529 2892 ne
553 2808 701 2912 epistulas
724 2831 853 2912 quidem
877 2839 951 2913 post
974 2851 1045 2893 eam
1069 2829 1181 2892 horam
1197 2828 1335 2911 legebat,

112 2955 148 2997 ne
170 2935 247 3017 quid
272 2955 375 2998 nouae
396 2954 488 2998 curae
505 2947 694 3013 nasceretur,
716 2939 774 3000 sed
791 2937 890 3000 totius
904 2938 965 3000 diei
981 2936 1194 3000 lassitudinem
1211 2927 1335 3000 duabus

111 3041 164 3104 illis
195 3040 280 3104 horis
307 3042 458 3124 ponebat.
504 3033 633 3125 quidam
657 3044 763 3106 medio
787 3045 838 3106 die
863 3044 1112 3107 interiunxerunt
1136 3052 1168 3107 et
1190 3043 1221 3105 in
1245 3053 1332 3124 post·
1349 3060 1374 3100 rr

112 3149 298 3210 meridianas
321 3148 417 3211 horas
439 3125 555 3231 aliquid
578 3150 701 3213 leuioris
724 3169 841 3232 operae
865 3150 1059 3214 distulerunt.
1105 3149 1241 3214 maiores
1256 3171 1335 3233 quo-

111 3273 170 3334 que
194 3253 292 3317 nostri
317 3273 433 3317 nouam
458 3255 642 3318 relationem
666 3265 739 3337 post
763 3255 875 3318 horam
900 3257 1068 3319 decumam
1091 3258 1122 3319 in
1143 3265 1253 3319 senatu
1270 3257 1335 3320 fieri

15 3357 16 3360 ’
111 3359 269 3422 uetabant.
318 3360 407 3423 miles
431 3361 549 3442 uigilias
573 3361 683 3424 diuidit
707 3371 739 3426 et
762 3383 829 3425 nox
852 3363 987 3425 inmunis
1011 3369 1059 3425 est
1075 3361 1115 3424 ab
1132 3360 1335 3446 eripedltione

81 3465 316 3529 &redeuntium
371 3467 597 3550 indulgendum
626 3478 674 3532 est
697 3469 803 3531 animo
827 3469 1032 3552 dandumque
1062 3465 1195 3532 subinde
1226 3471 1335 3546 otium,

111 3573 198 3652 quod
227 3571 367 3636 alimenti
397 3594 435 3635 ac
465 3575 575 3637 uirium
607 3574 680 3637 loco
711 3577 758 3638 sit.
804 3583 836 3638 et
867 3575 897 3638 in
931 3573 1197 3639 ambulationibus
1221 3576 1335 3658 apertis
1350 3595 1375 3634 πο

111 3679 308 3757 uagandum,
340 3688 374 3740 ut
405 3679 493 3742 caelo
517 3678 617 3744 libero
641 3689 673 3743 et
697 3681 797 3743 multo
820 3681 928 3764 spiritu
952 3690 1067 3761 augeat
1091 3680 1277 3764 attollatque
1300 3701 1335 3744 se

111 3785 239 3846 animus.
278 3784 447 3866 aliquando
468 3787 605 3849 uectatio
626 3787 746 3870 iterque
763 3795 795 3850 et
811 3793 932 3849 mutata
948 3787 1036 3867 regio
1052 3787 1197 3868 uigorem
1213 3788 1332 3850 dabunt

112 3890 333 3972 conuictusque
357 3877 393 3953 et¹
412 3889 568 3955 liberalior
590 3893 688 3980 potio.
733 3913 972 3976 nonnumquam
996 3901 1028 3956 et
1051 3913 1149 3974 usque
1173 3891 1213 3954 ad
1234 3891 1333 3955 ebrie-

113 4082 228 4134 3mouil
245 4081 301 4136 El:
323 4091 407 4135 mouet
496 4085 661 4151 &requietis
751 4085 786 4138 10
810 4087 915 4152 impetus
970 4145 971 4150 ¹
1005 4086 1036 4138 ll
1062 4087 1155 4136 remissi
1174 4083 1231 4137 Eu
1253 4086 1334 4136 emissi

218 4173 388 4224 exassiduilate
407 4171 445 4241 (t'n
464 4189 559 4243 marg„
579 4189 612 4230 m.
633 4177 648 4226 2
667 4177 698 4226 uf
715 4171 832 4242 uidetur,
850 4175 944 4242 laboti)
1041 4175 1166 4239 hybelatio
1258 4175 1289 4227 15
1315 4177 1335 4226 si

113 4277 156 4327 per
182 4263 244 4312 diem
268 4261 369 4333 Neam:
396 4264 416 4313 si
441 4264 507 4314 diem
615 4263 649 4317 22
675 4264 753 4315 asinis
783 4265 909 4334 (praeter
934 4281 961 4314 as
985 4263 1013 4316 fn
1033 4263 1100 4330 ras.)
1208 4269 1333 4315 oratorem

114 4367 230 4415 magnum
248 4351 323 4406 ands
341 4345 454 4406 inclust'f
471 4350 564 4406 Haase
661 4354 816 4404 meminimus
836 4352 873 4420 (fn
892 4354 962 4421 ras.)
1032 4351 1086 4428 ’23
1112 4353 1214 4405 detinuit
1234 4350 1331 4409 Gertz:

115 4439 210 4490 retinuit
295 4440 330 4497 30
349 4441 483 4494 alimentis
503 4443 567 4509 (ras.
588 4458 648 4496 cum
663 4457 758 4514 parua
775 4440 886 4504 lacuna)
