3184 5318
379 369 458 412 urat.
469 367 529 412 Vlll.
558 364 600 410 Al)
615 365 756 410 SERENVM
773 367 813 408 Du
827 365 908 409 OTIO.
937 368 958 410 l.
974 371 995 410 b.
1237 369 1297 434 187

10 557 11 606 p
89 537 255 602 possumne,
286 519 385 580 immo
417 535 493 578 uero
524 517 631 578 nescio
662 535 701 578 an
731 517 761 576 in
792 499 859 576 citio
888 512 1014 589 melius,
1046 523 1080 578 ut
1103 530 1298 596 quaeramus,

10 665 11 690 ;
88 627 151 709 quid
173 629 211 689 sit
233 628 338 699 uirtus¹
363 644 424 686 una
447 622 591 706 pluresne
615 625 684 686 sint.
716 631 826 684 natura
849 643 889 684 an
912 639 962 684 ars
977 619 1081 684 bonos
1097 625 1180 684 uiros
1196 619 1298 686 iaciat.

10 765 11 786 2
64 753 171 818 'unum
200 736 240 796 sit
270 732 349 807 hoc,
381 729 466 813 quod
498 733 597 793 maria
629 737 791 812 terrasque
821 737 854 818 et
885 729 963 792 mari
994 747 1031 792 ac
1062 731 1153 794 terris
1183 731 1300 792 inserta

10 917 14 932 ,
89 839 297 926 conplectitur,
324 859 363 902 an
387 831 486 902 multa
508 835 663 900 eiusmodi
687 855 822 919 corpora
845 837 923 898 deus
946 838 1105 918 sparserit.
1151 835 1300 899 continua

87 951 119 1012 sit
139 949 237 1010 omnis
261 955 294 1010 et
317 946 410 1028 plena
433 948 581 1020 materia,
604 965 646 1008 ex
670 961 732 1026 qua
754 953 868 1008 cuncta
890 945 1076 1027 gignuntur,
1108 963 1148 1007 an
1171 942 1326 1008 diductas

11 1103 12 1108 .
87 1065 113 1119 et
140 1055 242 1118 solidis
273 1056 366 1116 inane
396 1055 590 1145 permistum
623 1055 671 1116 sit.
718 1051 796 1114 deus
828 1051 920 1113 deses
949 1070 1029 1132 opus
1052 1071 1143 1114 suum
1168 1061 1300 1134 spectet,

87 1183 119 1224 an
140 1170 250 1224 tractet
291 1168 436 1223 utrumne
460 1159 654 1223 extrinsecus
678 1157 718 1220 illi
742 1155 946 1222 circumfusus
969 1158 1016 1234 sit,
1041 1177 1081 1221 an
1101 1161 1159 1221 toti
1177 1158 1301 1221 inditus.

87 1267 244 1332 inmortalis
268 1269 308 1330 sit
332 1268 478 1343 mundus
501 1287 541 1330 an
564 1269 645 1330 inter
662 1265 779 1329 caduca
796 1274 828 1328 et
844 1267 885 1330 ad
901 1275 1028 1348 tempus
1044 1273 1119 1328 nata
1134 1283 1299 1327 numeran-

10 1427 12 1456 ,χ
87 1378 145 1439 dus.
187 1376 265 1438 haee
295 1378 349 1456 qui
381 1374 628 1457 contemplatur,
659 1374 735 1455 quid
768 1372 830 1435 deo
861 1376 1021 1454 praestat?
1053 1392 1093 1434 ne
1123 1381 1213 1435 tanta
1236 1373 1301 1434 eius

86 1503 172 1566 opera
194 1484 259 1546 sine
283 1490 365 1545 teste
390 1482 437 1545 sit.
1316 1495 1340 1542 u

65 1603 69 1652 1
162 1589 200 1653 V.
235 1585 384 1654 Solemus
407 1589 512 1652 dicere
535 1605 695 1650 summum
718 1587 840 1652 bonum
864 1607 933 1650 esse
957 1589 1130 1650 secundum
1154 1595 1300 1648 naturam

10 1689 12 1764 l
85 1701 193 1760 uiuere:
226 1706 339 1760 natura
366 1717 424 1758 nos
447 1697 489 1758 ad
512 1703 680 1776 utrumque
703 1695 826 1777 genuit,
858 1701 890 1756 et
913 1692 1170 1776 contemplationi
1194 1711 1298 1756 rerum

10 1789 13 1824 '
85 1814 113 1867 et
133 1804 247 1868 actioni.
297 1803 369 1884 [32]
402 1803 568 1864 nunciam
592 1801 782 1884 probemus,
814 1802 902 1882 quod
925 1803 1009 1883 prius
1033 1799 1179 1863 diximus.
1226 1801 1301 1882 quoi

10 1887 12 1958 f
85 1932 169 1994 porro
189 1911 253 1973 hoc
275 1931 341 1972 non
364 1910 421 1972 erit
444 1908 625 1991 probatum,
648 1912 673 1972 si
697 1929 732 1970 se
755 1909 966 1989 unusquisque
982 1905 1179 1984 consuluerit,
1202 1925 1299 1989 quan-

85 2028 142 2080 tam
164 2019 340 2100 cupidinem
369 2015 486 2080 habeat
516 2019 627 2097 ignota
656 2015 823 2098 noscendi,
855 2035 951 2105 quam
982 2015 1024 2078 ad
1056 2015 1158 2078 omnis
1180 2014 1301 2078 fabulas
1319 2029 1341 2069 ¹⁵

60 2127 246 2188 lexcitetur?
279 2124 428 2205 nauigant
458 2123 586 2204 quidam
613 2131 644 2184 et
668 2121 792 2186 labores
816 2123 1076 2205 peregrinationis
1098 2121 1301 2204 longissimae

86 2251 138 2292 una
167 2231 312 2294 mercede
341 2231 558 2312 perpetiuntur
581 2230 797 2310 cognoscendi
820 2228 935 2311 aliquid
959 2228 1299 2292 abditumrremotum-

85 2359 145 2418 que.
188 2338 267 2401 haec
290 2357 340 2400 res
364 2337 405 2400 ad
428 2336 610 2420 spectacula
633 2336 769 2420 populos
794 2336 966 2414 contrahit,
997 2336 1076 2398 haec
1099 2336 1186 2418 cogit
1210 2355 1299 2418 prae-

86 2444 159 2506 clusa
192 2447 312 2520 rimari,
347 2445 516 2506 secretiora
547 2443 728 2526 exquirere,
764 2444 965 2525 antiquitates
996 2442 1159 2518 euoluere,
1196 2463 1302 2506 mores

63 2561 73 2610 :t
88 2551 279 2615 barbararum
304 2553 411 2614 erudire
435 2551 585 2632 gentium.
617 2552 773 2614 curiosum
797 2549 889 2612 nobis
912 2560 1023 2613 natura
1039 2552 1197 2632 ingenium
1214 2550 1302 2613 dedit
1316 2561 1342 2604 20

88 2667 114 2719 et
144 2659 214 2722 artis
244 2656 302 2720 sibi
333 2677 369 2720 ac
399 2657 635 2741 pulchritudinis
659 2675 734 2720 suae
757 2659 883 2721 conscia
905 2665 1102 2740 spectatores
1125 2677 1184 2720 nos
1208 2658 1302 2720 tantis

89 2785 177 2828 rerum
209 2765 395 2848 spectaculis
426 2765 549 2846 genuit,
580 2765 741 2856 perditura
772 2763 906 2827 fructum
937 2765 1000 2840 sui,
1031 2764 1055 2826 si
1086 2773 1152 2826 tam
1176 2782 1300 2845 magna,

88 2879 143 2934 tam
174 2872 271 2947 clara,
302 2881 368 2934 tam
400 2871 554 2934 subtiliter
586 2871 695 2946 ducta,
727 2881 792 2934 tam
825 2871 923 2934 nitida
954 2879 986 2933 et
1009 2891 1073 2932 non
1097 2886 1160 2932 uno
1184 2888 1300 2952 genere

62 2977 213 3042 llormosa
236 2978 396 3041 solitudini
420 2979 611 3041 ostenderet.
644 2986 678 3040 ut
701 2979 780 3040 scias
803 2977 887 3041 illam
910 2957 1046 3061 spectari
1069 2975 1212 3053 uoluisse,
1236 2997 1300 3041 non

88 3094 196 3148 tantum
220 3087 347 3168 adspici,
372 3085 443 3148 uide
465 3105 560 3167 quem
585 3085 676 3148 nobis
700 3085 804 3148 locum
828 3086 967 3148 dederit:
994 3086 1024 3147 in
1049 3086 1153 3148 media
1176 3106 1235 3149 nos
1255 3086 1301 3148 sui
1316 3097 1341 3138 ‘2⁵

87 3201 165 3274 parte
188 3193 347 3257 constituit
370 3199 403 3254 et
426 3194 688 3276 circumspectum
711 3194 852 3256 omnium
876 3192 968 3256 nobis
992 3193 1088 3256 dedit.
1120 3211 1180 3255 nec
1200 3193 1302 3255 erexit
1390 3277 1393 3286 ὗ

87 3281 298 3363 tantummodo
328 3299 505 3375 hominem,
542 3301 599 3362 sed
630 3301 724 3363 etiam
742 3299 892 3384 'habilem
924 3299 972 3360 ad
1000 3297 1301 3382 contemplationem

88 3405 209 3484 lactura,
240 3416 275 3470 ut
298 3406 338 3469 ab
362 3416 433 3469 ortu
457 3407 560 3469 sidera
582 3408 612 3468 in
636 3427 782 3470 occasum
807 3407 944 3470 labentia
967 3407 1114 3490 prosequi
1137 3415 1246 3487 posset
1269 3416 1302 3469 et

87 3512 196 3578 uoltum
219 3535 310 3578 suum
335 3513 533 3578 circumferre
556 3535 628 3577 cum
652 3523 732 3590 toto,
755 3513 890 3578 sublime
913 3513 986 3577 lecit
1002 3513 1043 3576 illi
1059 3524 1153 3602 caput
1169 3523 1202 3577 et
1217 3513 1300 3578 collo

88 3673 285 3683 ·—-—--—

87 3760 99 3808 :l
118 3767 139 3808 et
154 3764 216 3812 mari
235 3779 265 3813 ac
284 3764 353 3813 terris
371 3761 468 3834 uulgo:
495 3768 517 3813 et
537 3763 615 3812 maria
635 3747 711 3812 airis
819 3761 834 3814 4
860 3761 1007 3828 cdplectitur
1113 3760 1129 3815 6
1155 3763 1301 3827 permixtum

86 3882 172 3954 uulpo:
191 3890 317 3954 pmixtsrq3
398 3889 456 3937 deus
470 3889 538 3938 deses
551 3885 641 3941 Koch:
660 3863 750 3938 'dsedes
763 3885 822 3940 cod.
843 3889 902 3952 deus
920 3887 1007 3937 sedens
1019 3884 1103 3957 utrlpo
1116 3887 1175 3936 deus
1189 3886 1302 3936 desidens

88 3969 168 4030 Haase
259 3977 289 4030 13
310 3978 359 4026 iam
379 3977 511 4042 probemus
529 3973 654 4030 lictori:
675 3972 783 4042 lpbem’
876 3971 924 4041 p'us
944 3973 1026 4025 dixim'
1047 3973 1106 4028 cod.
1127 3979 1152 4028 et
1170 3972 1302 4028 editiones

86 4063 223 4130 usquead
245 4053 392 4128 Ha'asium,
420 4065 469 4134 qui
492 4063 625 4120 Italorum
651 4063 750 4118 iudicio
776 4063 904 4136 deceptus
928 4063 1014 4118 edidit
1038 4067 1103 4130 prius
1128 4065 1300 4129 praediximus.

167 4155 221 4220 quoi
233 4151 363 4225 Madm‘q:
385 4156 443 4220 quid
535 4155 566 4209 ll)
586 4157 677 4206 habeat
691 4155 711 4224 (t
724 4156 809 4222 corr.)
896 4153 928 4208 16
942 4155 1057 4205 excitetur
1070 4151 1167 4222 uulgo:
1189 4151 1302 4203 excitent*

171 4241 198 4296 lu
216 4245 300 4293 rimari
319 4241 483 4298 deteriores:
504 4245 593 4294 rimare
684 4243 715 4296 21
737 4245 836 4294 conscia
855 4259 925 4297 unus
945 4241 1122 4297 deteriorum:
1146 4244 1212 4306 Escip

87 4361 117 4416 25
142 4369 213 4432 aspici
320 4368 354 4424 27
379 4370 487 4421 habilem
514 4369 547 4420 ad
572 4369 806 4434 contemplationem
826 4366 916 4427 Koch:
944 4329 994 4422 hai
1017 4369 1171 4432 Eteplatione
1189 4366 1301 4434 (lineola

91 4501 170 4557 supro
186 4490 302 4546 ultimam
322 4511 335 4542 e
354 4489 417 4561 del.)
525 4491 559 4546 29
584 4494 652 4545 uultu
756 4499 789 4546 cu
808 4471 873 4545 totos
981 4497 1053 4560 caput
1073 4493 1093 4562 (t
1111 4495 1193 4564 corr.)
