3234 5336
401 375 554 420 nectuntur
574 377 636 420 CVM
658 377 863 420 PxovtosNTtn
889 379 945 421 SIT.
965 379 1003 424 tv.
1289 389 1308 448 9

61 537 73 584 n
88 525 133 606 qui
161 525 285 588 saucius
309 522 398 586 redit.
443 523 528 605 ipsis,
559 524 702 605 inquam,
734 525 812 587 deus
836 523 984 600 consulit,
1015 546 1095 606 quos
1119 547 1187 591 esse
1211 517 1306 609 quam

88 630 323 694 honestissimos
347 630 440 711 cupit,
464 631 609 711 quotiens
630 630 685 693 illis
702 631 866 693 materiam
883 632 1015 712 praebet
1036 631 1153 714 aliquid
1169 635 1309 698 animose

88 739 266 818 fortiterque
291 735 430 810 faciendi,
454 738 607 818 adquam
624 757 690 800 rem
708 757 789 819 opus
805 735 853 800 est
870 735 972 818 aliqua
988 759 1091 801 rerum
1109 738 1306 806 difficultate:

89 843 330 926 gubernatorem
368 843 397 905 in
434 851 637 927 tempestate,
674 844 703 906 in
740 843 805 906 acie
837 842 968 906 militem
1001 845 1172 927 intellegas.
1226 849 1309 912 unde

89 971 211 1032 possum
244 950 340 1025 scire,
371 959 521 1031 quantum
554 951 704 1013 aduersus
737 959 955 1032 paupertatem
988 952 1044 1014 tibi
1076 953 1168 1016 animi
1192 955 1246 1028 sit,
1283 955 1308 1016 si
1339 969 1350 1004 ἡ

89 1057 192 1120 diuitiis
217 1055 355 1120 dillluis?
396 1058 479 1120 unde
502 1074 632 1138 possum
656 1057 742 1130 scire,
766 1065 918 1138 quantum
940 1060 1091 1122 aduersus
1108 1060 1309 1140 ignominiam

89 1175 115 1226 et
136 1163 296 1226 infamiam
323 1163 492 1244 odiumque
515 1162 668 1246 populare
684 1165 878 1226 constantiae
895 1163 1021 1241 habeas,
1045 1166 1070 1228 si
1090 1167 1169 1230 inter
1184 1166 1310 1248 plausus

89 1273 230 1346 senescis,
270 1271 367 1332 site
405 1270 657 1352 inexpugnabilis
689 1280 720 1334 et
752 1269 949 1334 inclinatione
988 1274 1126 1353 quadam
1159 1275 1309 1336 mentium

89 1398 198 1458 pronus
223 1376 315 1440 fauor
338 1377 494 1457 sequitur?
535 1375 618 1440 unde
641 1377 724 1452 scin,
755 1397 850 1457 quam
874 1397 976 1458 aequo
1000 1379 1105 1442 animo
1130 1378 1246 1442 laturus
1270 1382 1311 1444 sis

90 1483 267 1558 orbitatem,
298 1483 324 1544 si
354 1503 570 1564 quoscumque
598 1482 746 1546 sustulisti
784 1483 892 1546 uides?
936 1484 1039 1546 audiui
1063 1493 1107 1560 te,
1138 1489 1209 1548 cum
1233 1487 1310 1550 alios
1327 1508 1350 1546 n

90 1589 304 1652 consolareris:
348 1597 422 1652 tunc
446 1590 693 1670 conspexissem,
717 1590 742 1652 si
765 1597 797 1652 te
821 1589 887 1672 ipse
911 1590 1090 1654 consolatus
1115 1611 1207 1669 esses,
1230 1594 1255 1656 si
1279 1603 1310 1658 te

62 1696 148 1778 ripse
173 1696 283 1759 dolere
308 1697 467 1795 uetuissqs.
514 1696 618 1766 nolite,
643 1696 777 1760 obsecro
802 1715 874 1772 uOS,
899 1717 1112 1779 expauescere
1136 1700 1206 1774 ista,
1230 1721 1311 1782 quae

92 1803 118 1864 di
143 1801 326 1866 inmortales
358 1801 443 1865 uelut
475 1800 617 1866 stimulos
641 1803 815 1865 admouent
840 1804 965 1866 animis:
1008 1803 1167 1869 calamitas
1191 1807 1311 1870 uirtutis

92 1909 207 1972 occasio
232 1918 289 1972 est.
335 1907 404 1972 illos
429 1909 541 1972 merito
565 1909 633 1990 quis
656 1908 771 1972 dixerit
795 1909 943 1986 miseros,
974 1912 1026 1992 qui
1050 1912 1144 1974 nimia
1168 1909 1311 1976 felicitate

92 2025 281 2098 torpescunt,
319 2035 400 2096 quos
431 2015 517 2078 uelut
547 2015 578 2078 in
610 2015 687 2079 mari
717 2014 803 2078 lento
836 2016 1040 2097 tranquillitas
1071 2019 1152 2080 iners
1183 2018 1350 2084 detinetis

65 2121 233 2204 {quidquid
266 2120 324 2184 illis
354 2121 509 2196 inciderit,
549 2141 673 2186 nouum·
699 2122 811 2184 ueniet.
866 2124 966 2204 magis
998 2133 1111 2206 urgent
1141 2145 1236 2188 saeua
1266 2127 1309 2188 in·

93 2238 250 2311 expertos:
279 2248 377 2310 graue
400 2237 447 2290 est
471 2237 598 2310 tenerae
614 2228 725 2292 ceruici
741 2229 857 2310 iugum.
894 2231 935 2292 ad
951 2231 1158 2312 suspicionem
1177 2230 1311 2296 uolneris

93 2335 145 2396 tiro
167 2335 320 2417 pallescit,
344 2335 502 2399 audaciter
535 2344 702 2398 ueteranus
727 2355 871 2398 cruorem
895 2356 986 2398 suum
1010 2346 1147 2419 spectat,
1178 2339 1230 2419 qui
1253 2339 1311 2402 scit

94 2461 124 2502 se
150 2462 243 2524 saepe
276 2443 384 2506 uicisse
414 2449 488 2523 post
519 2441 714 2523 sanguinem.
769 2441 829 2506 hos
853 2443 957 2524 itaque
981 2443 1058 2506 deus
1082 2465 1162 2526 quos
1185 2446 1310 2526 probat,

95 2568 166 2628 quos
188 2557 289 2624 amat,
321 2549 458 2623 indurat,
490 2549 702 2630 recognoscit,
735 2557 873 2614 exercet.
919 2569 974 2612 eos
999 2559 1105 2614 autem
1129 2552 1242 2631 quibus
1265 2553 1309 2614 in·
1325 2567 1350 2606 πο

98 2652 216 2735 dulgere
254 2655 391 2730 uidetur,
430 2656 542 2736 quibus
581 2675 726 2738 parcere,
766 2654 877 2718 molles
909 2657 1046 2720 uenturis
1078 2657 1167 2720 malis
1198 2668 1311 2722 seruat.

99 2763 194 2824 erratis
217 2763 310 2838 enim,
333 2763 359 2824 si
382 2783 476 2844 quern
501 2761 642 2826 iudicatis
666 2770 856 2844 exceptum:
893 2764 996 2826 ueniet
1027 2773 1059 2827 et
1083 2766 1123 2826 ad
1144 2763 1232 2850 ⁸illum
1258 2765 1311 2828 diu

100 2863 206 2930 lelicem
238 2889 295 2931 sua
326 2870 438 2951 portio
492 2869 630 2951 quisquis
661 2869 785 2932 uidetur
816 2869 961 2932 dimissus
992 2889 1077 2944 esse,
1110 2869 1223 2934 dilatus
1255 2881 1310 2934 est.

69 2993 183 3053 ¹square
213 2977 292 3038 deus
316 2976 471 3058 optimum
495 2995 655 3057 quemque
685 2983 738 3038 aut
762 2975 845 3038 mala
868 2975 1045 3039 ualetudine
1073 2986 1127 3039 aut
1150 2977 1234 3040 luctu
1258 2985 1312 3040 aut

104 3079 157 3142 aliis
171 3081 379 3144 incommodis
395 3079 521 3144 adficit?
545 3080 618 3162 quia
634 3081 663 3142 in
679 3082 788 3144 castris
804 3101 931 3163 quoque
947 3081 1121 3163 periculosa
1137 3082 1311 3146 fortissimis
1325 3097 1350 3138 τι

103 3185 286 3268 imperantur,
312 3188 379 3249 dux
403 3187 588 3251 lectissimos
610 3187 704 3251 mittit
719 3189 771 3268 qui
788 3189 948 3252 nocturnis
963 3188 1072 3252 hostes
1089 3191 1312 3270 adgrediantur

103 3291 202 3356 insidiis
239 3303 293 3356 aut
324 3294 492 3376 explorent
522 3294 581 3356 iter
612 3303 665 3358 aut
695 3295 886 3377 praesidium
919 3293 991 3357 loco
1023 3295 1163 3358 deiciant.
1218 3315 1312 3361 nemo

104 3417 197 3462 eorum
220 3401 273 3482 qui
297 3408 415 3462 exeunt
440 3400 530 3476 dicit,
554 3399 637 3464 male
661 3401 702 3462 de
726 3421 778 3464 me
802 3402 973 3482 imperator
997 3402 1123 3476 meruit,
1146 3404 1203 3464 sed
1231 3403 1312 3465 bene

104 3501 240 3571 iudicauit.
287 3507 372 3570 idem
397 3506 502 3570 dicant
524 3508 714 3588 quicumque
738 3507 883 3570 iubentur
906 3508 971 3588 pati
994 3507 1110 3570 timidis
1131 3509 1312 3590 ignauisque

105 3609 219 3675 flebilia:
266 3614 352 3694 digni
384 3613 440 3675 uisi
471 3633 579 3676 sumus
610 3614 673 3675 deo
705 3613 735 3675 in
768 3613 881 3694 quibus
912 3612 1124 3695 experiretur,
1160 3617 1353 3695 quantum'n

77 3715 226 3782 nhumana
256 3728 367 3784 natura
405 3729 514 3802 posset
549 3719 622 3802 pati.
685 3719 782 3801 sugite
818 3719 958 3795 delicias,
994 3718 1091 3800 sugite
1131 3729 1312 3783 eneruatam

107 3821 276 3903 lelicitatem,
299 3847 362 3908 qua
384 3827 477 3890 animi
501 3828 745 3909 permadescunt
769 3835 800 3888 et
824 3826 878 3888 nisi
903 3825 1018 3907 aliquid
1039 3827 1205 3889 interuenit
1224 3828 1312 3908 quod

107 3926 244 3994 humanae
274 3933 367 3998 sortis
396 3933 581 4008 admoneat,
613 3932 699 3996 uelut
730 3941 882 4015 perpetua
910 3932 1062 3996 ebrietate
1086 3932 1187 3996 iacent
1210 3933 1312 4014 sopiti.

215 4060 237 4112 r'e

112 4123 131 4174 ll
156 4127 251 4176 {solaris
347 4127 375 4178 t:t
395 4127 430 4176 dii
523 4127 554 4178 lli
579 4127 694 4191 quicquid
786 4127 817 4180 li
843 4133 939 4177 tenerae
965 4127 1053 4176 ceruici
1073 4123 1209 4179 Muretus:
1237 4132 1313 4176 terere

109 4216 209 4275 ceruicib;
236 4217 313 4286 (post
333 4221 355 4266 te
374 4213 484 4268 uidetur
502 4231 513 4264 r
532 4212 662 4279 deletum,
687 4213 714 4268 in
734 4215 857 4285 margine
875 4230 944 4269 man.
965 4229 1020 4268 reo.
1040 4214 1112 4280 serre)
1209 4213 1313 4264 uulneris

187 4305 215 4356 ln
233 4311 285 4369 tyro
358 4305 391 4357 ‘22
410 4306 491 4354 ueniet
508 4309 531 4353 et
546 4301 693 4356 Gruterus:
713 4305 793 4354 ueniet
865 4303 897 4357 24
913 4303 1045 4354 ualitudine
1059 4304 1067 4368 (
1070 4309 1135 4371 post
1149 4321 1162 4352 e
1175 4299 1263 4354 deleta
1276 4302 1312 4368 m)

184 4400 222 4444 aut
234 4394 297 4444 luctu
310 4391 379 4456 nod,
392 4391 481 4446 omisit
495 4389 606 4445 Fickert
678 4393 711 4444 ut
726 4394 899 4458 aggrediamur
973 4394 1006 4444 'to'
1020 4395 1131 4456 tperator
1144 4389 1170 4442 r'n
1186 4403 1240 4444 run.

111 4477 138 4530 tl
153 4480 224 4532 iacent
242 4479 349 4537 addidit
367 4477 444 4536 Koch
