3212 5326
287 348 329 410 95
652 344 730 386 orsu
748 345 773 387 v.
802 344 979 386 ostanus.
995 342 1036 384 111.
1067 343 1097 384 u.
1117 343 1146 383 u.

285 488 336 551 ille
360 491 529 552 intuendus
552 499 615 564 est,
647 489 780 552 uoluerit
803 511 842 552 an
866 491 1019 563 inciderit,
1051 496 1179 550 coactus
1209 485 1248 546 sit
1279 503 1319 543 an
1351 481 1511 556 deceptus,

286 596 396 656 odium
427 605 554 658 secutus
576 597 617 658 sit
640 616 679 658 an
703 599 892 677 praemium,
923 598 981 658 sibi
1012 615 1137 658 morem
1165 593 1296 673 gesserit
1319 607 1360 648 an
1385 602 1511 646 manum

288 701 377 764 alteri
401 701 661 764 commodauerit.
701 703 819 796 aliquid
843 713 930 766 aetas
953 703 1112 784 peccantis
1136 699 1217 772 iacit,
1240 695 1356 775 aliquid
1380 694 1511 761 tortum,

288 816 323 869 ut
354 806 434 870 ferre
465 829 502 869 ac
532 810 598 888 pati
628 819 681 870 aut
705 808 879 870 humanum
909 812 949 870 sit
972 817 1026 870 aut
1050 807 1131 870 utile.
1177 825 1216 866 eo
1248 822 1306 864 nos
1337 800 1412 861 loco
1441 817 1510 858 con·
1526 811 1537 854 :t

263 914 471 988 astiterimus,
504 935 569 994 quo
601 914 650 976 ille
681 924 730 977 est
761 917 809 976 cui
833 917 999 976 irascimur.
1043 933 1125 975 nunc
1155 911 1227 972 iacit
1258 929 1318 970 nos
1348 903 1512 966 iracundos

288 1021 392 1100 iniqua
422 1023 521 1083 nostri
552 1022 730 1083 aestimatio
762 1032 794 1083 et
825 1043 906 1102 quae
936 1021 1040 1084 facere
1063 1018 1215 1082 uellemus
1254 1017 1319 1096 pati
1358 1011 1511 1072 nolumus.

290 1147 385 1188 nemo
413 1147 453 1207 'se
485 1127 607 1189 differt:
642 1129 728 1208 atqui
760 1131 951 1190 maximum
967 1128 1140 1189 remedium
1164 1128 1228 1186 irae
1252 1121 1361 1184 dilatio
1387 1129 1452 1190 est,
1483 1123 1538 1176 uti
1592 1113 1593 1170 l

290 1236 410 1314 primus
442 1234 513 1320 eius
538 1233 642 1295 feruor
673 1235 890 1314 relanguescat
921 1244 954 1296 et
985 1234 1088 1314 caligo
1119 1251 1201 1311 quae
1228 1229 1344 1310 premit
1375 1231 1512 1286 mentem

291 1349 345 1401 aut
368 1339 484 1400 residat
515 1349 569 1400 aut
601 1344 704 1402 minus
728 1343 826 1402 densa
848 1341 896 1402 sit.
942 1341 1099 1420 quaedam
1128 1359 1170 1400 ex
1193 1337 1242 1398 his
1265 1355 1348 1415 quae
1371 1341 1406 1394 te
1429 1349 1511 1410 prae-

255 1458 277 1497 ¹⁰
291 1447 417 1526 cipitem
441 1445 593 1520 serebant,
616 1447 704 1520 hora,
728 1467 790 1508 non
815 1457 937 1508 tantum
955 1448 1021 1508 dies
1045 1445 1175 1517 molliet,
1197 1442 1357 1522 quaedam
1382 1457 1426 1498 ex
1450 1445 1512 1495 toto
1593 1429 1594 1496 l

292 1561 489 1614 euanescent.
525 1553 551 1614 si
573 1551 647 1614 nihil
663 1554 761 1634 egerit
778 1555 876 1633 petita
895 1553 1071 1624 aduocatio
1095 1549 1260 1630 apparebit
1283 1549 1346 1608 iam
1371 1542 1512 1604 iudicium

219 1691 223 1696 ·
292 1679 376 1734 esse,
408 1678 472 1718 non
502 1659 589 1720 iram.
634 1638 787 1739 quidquid
818 1659 907 1720 uoles
937 1659 1029 1739 quale
1060 1661 1100 1720 sit
1130 1657 1222 1729 scire,
1254 1651 1394 1732 tempori
1422 1649 1513 1710 trade.
1594 1661 1595 1732 l

292 1764 367 1826 nihil
390 1764 555 1845 diligenter
578 1767 608 1826 in
632 1765 726 1826 fluctu
751 1769 894 1828 cernitur.
934 1787 999 1826 non
1021 1765 1124 1845 potuit
1147 1763 1305 1842 inpetrare
1328 1779 1348 1818 a
1371 1777 1406 1818 se
1430 1754 1513 1816 Plato
1528 1761 1538 1804 ῑι
1594 1737 1595 1772 ³

293 1880 428 1952 tempuS,
452 1891 523 1932 cum
539 1891 632 1932 seruo
649 1892 707 1933 suo
730 1875 922 1946 irasceretur,
945 1872 1001 1932 sed
1018 1890 1136 1952 ponere
1156 1868 1239 1930 illum
1259 1867 1366 1928 statim
1384 1862 1513 1925 tunicam
1595 1908 1596 1912 ,

255 1995 280 2034 15
294 1986 326 2038 et
357 1978 510 2056 praebere
540 1977 684 2058 scapulas
716 1979 898 2041 uerberibus
934 1979 1021 2040 iussit
1052 1956 1109 2038 sua
1139 1995 1235 2038 manu
1266 1973 1334 2052 ipse
1366 1987 1513 2031 caesurus.

294 2093 465 2164 postquam
496 2083 651 2145 intellexit
682 2086 771 2146 irasci
794 2105 844 2158 se,
875 2087 952 2146 sicut
983 2082 1151 2146 sustulerat
1180 2099 1311 2142 manum
1335 2093 1513 2158 suspensam

295 2189 458 2252 detinebat
489 2199 521 2251 et
551 2191 658 2252 stabat
688 2211 875 2271 percussuro
906 2191 1020 2252 similis,
1074 2191 1288 2267 interrogatus
1327 2184 1442 2246 deinde
1476 2180 1513 2240 ab

257 2281 258 2284 ¹
296 2296 412 2369 amico,
436 2295 489 2376 qui
513 2295 594 2357 sorte
617 2298 843 2370 interuenerat‚
867 2299 942 2376 quid
966 2309 1091 2376 ageret,
1123 2297 1233 2374 exigo,
1259 2292 1372 2371 inquit,
1403 2305 1513 2368 poenas

296 2401 338 2462 ab
368 2401 498 2463 homine
529 2403 688 2466 iracundo.
735 2403 820 2464 uelut
852 2414 981 2484 stupens
1011 2412 1138 2482 gestum
1170 2399 1256 2460 illum
1288 2396 1436 2460 saeuituri
1463 2395 1512 2454 de·
1528 2397 1540 2446 ti

253 2523 280 2564 20
295 2506 430 2568 formem
452 2507 584 2586 sapienti
600 2509 667 2570 uiro
691 2509 846 2582 seruabat,
871 2509 988 2570 oblitus
1011 2511 1074 2570 iam
1097 2507 1188 2579 serui,
1212 2506 1286 2585 quia
1310 2502 1405 2564 alium
1427 2517 1512 2580 quem

293 2612 399 2693 potius
422 2613 590 2691 castigaret
605 2613 775 2676 inuenerat.
821 2615 926 2694 itaque
943 2614 1071 2676 abstulit
1093 2614 1155 2678 sibi
1176 2613 1207 2672 in
1231 2631 1307 2672 suos
1331 2614 1512 2688 potestatem

295 2727 327 2779 et
350 2717 393 2778 ob
417 2727 583 2798 peccatum
607 2720 772 2798 quoddam
796 2722 1002 2794 commotior,
1031 2729 1079 2793 tu,
1103 2721 1216 2799 inquit,
1240 2716 1434 2798 Speusippe‚
1456 2732 1511 2772 ser-

295 2822 402 2885 uulum
425 2825 519 2886 istum
543 2824 728 2886 uerberibus
751 2827 901 2906 obiurga:
933 2846 1006 2888 nam
1038 2845 1101 2905 ego
1133 2827 1260 2886 irascor.
1307 2823 1352 2883 ob
1376 2821 1436 2882 hoc
1457 2818 1539 2878 noni

295 2931 416 3004 cecidit,
439 2940 571 3010 propter
594 2933 682 3010 quod
705 2930 783 2991 alius
806 2932 976 2993 cecidisset.
1024 2933 1148 3003 irascor,
1173 2931 1292 3009 inquit:
1320 2927 1391 3007 plus
1414 2926 1511 2988 faciam

254 3051 281 3090 aa
295 3055 392 3115 quam
408 3045 545 3126 oportet,
569 3035 713 3096 libentius
730 3037 857 3098 laeiam:
884 3057 948 3098 non
971 3039 1010 3098 sit
1030 3039 1091 3098 iste
1112 3056 1222 3098 seruus
1237 3037 1268 3096 in
1285 3036 1352 3096 eius
1368 3039 1511 3115 potestate

295 3141 348 3219 qui
380 3141 411 3199 in
440 3160 497 3200 sua
528 3161 592 3201 non
624 3151 680 3204 est.
725 3142 834 3221 aliquis
866 3144 932 3204 uult
962 3144 1043 3204 irato
1074 3143 1232 3204 committi
1256 3141 1424 3210 ultionem,
1450 3154 1509 3197 cum

296 3243 387 3305 Plato
410 3245 469 3306 sibi
492 3246 558 3324 ipse
574 3246 738 3326 imperium
754 3249 971 3328 abrogauerit?
995 3248 1070 3310 nihil
1086 3250 1143 3310 tibi
1159 3248 1259 3321 liceat,
1284 3248 1362 3308 dum
1379 3242 1510 3306 irasceris.

296 3353 413 3429 quare?
437 3352 509 3429 quia
533 3351 579 3412 uis
603 3354 710 3413 omnia
733 3353 831 3414 licere.

387 3455 468 3516 XIII.
507 3457 617 3536 Pugna
648 3471 751 3520 tecum
776 3461 857 3538 ipse,
890 3461 915 3520 si
944 3462 1067 3523 uincere
1091 3462 1168 3522 iram
1193 3480 1259 3520 non
1283 3470 1394 3539 potes,
1424 3475 1460 3516 ne
1486 3453 1536 3512 tel

257 3559 355 3620 suilla
395 3561 502 3640 incipis
524 3564 666 3638 uincere·
681 3566 706 3625 si
730 3567 942 3645 apsconditur‚
965 3568 990 3626 si
1012 3567 1053 3628 illi
1077 3568 1181 3626 exitus
1206 3586 1271 3626 non
1298 3568 1398 3626 datur.
1437 3563 1511 3638 signa

297 3749 396 3801 4lerre
415 3767 444 3798 ac
466 3747 561 3804 Gertz:
583 3755 645 3803 ferre
665 3764 704 3804 aut
788 3759 846 3805 utile
866 3756 993 3826 Madttt'p:
1016 3760 1109 3806 humile
1194 3757 1299 3821 latqui
1321 3758 1341 3823 (t
1361 3755 1440 3809 corrui

220 3921 222 3926 ,
299 3872 423 3936 8ρῐςῐῐ111
514 3873 590 3940 thte
610 3876 644 3942 (te
662 3877 689 3928 t'n
709 3879 774 3940 ras.)
865 3881 893 3933 10
913 3888 995 3930 extoto
1083 3882 1112 3933 11
1134 3841 1198 3946 egerit
1295 3882 1330 3934 12
1348 3880 1437 3946 quich

299 3963 384 4010 scire*
491 3962 521 4013 lb
541 3980 615 4011 manu
635 3963 687 4030 (ma
707 3966 733 4016 iu
749 3967 804 4032 siue
823 3984 920 4020 uersus
938 3986 971 4020 m.
991 3986 1043 4022 sec.
1063 3970 1122 4021 siue
1141 3971 1209 4035 ras.)
1308 3971 1340 4021 iti
1359 3987 1385 4018 se
1404 3968 1438 4032 (in
1456 3963 1511 4024 rar.)

379 4049 410 4100 17
431 4051 593 4113 interrogatus
613 4051 675 4114 (atus
694 4052 721 4103 itt
741 4042 808 4115 rlts.)
884 4057 914 4106 lt<
933 4075 1010 4120 penas
1091 4057 1123 4110 19
1144 4060 1284 4108 deformem
1305 4059 1348 4124 (de
1368 4057 1446 4114 corr.)

301 4135 335 4188 24
355 4138 456 4185 cecidi*
564 4137 597 4188 ‘25
617 4140 740 4206 libentius]
761 4143 831 4193 male
850 4146 959 4194 licentius
981 4145 1061 4198 Gertz
1168 4145 1202 4198 29
1222 4163 1309 4211 pugna
1328 4153 1408 4196 tecum
1427 4147 1479 4207 ipse,
1495 4141 1510 4185 si

300 4225 397 4272 uincere
415 4225 477 4272 iram
497 4241 546 4272 non
565 4234 642 4288 potes,
661 4244 692 4275 ne
711 4234 734 4276 te
753 4231 801 4282 illa.
834 4234 920 4296 incipis
939 4237 1044 4299 uincere,
1065 4237 1085 4282 si
1099 4237 1270 4298 absconditur,
1291 4237 1311 4284 si
1332 4237 1367 4284 illl
1386 4235 1456 4282 exitus
1471 4241 1510 4278 uon

301 4311 371 4359 datur
390 4319 417 4362 et
435 4310 527 4362 uerbis
546 4321 571 4362 et
590 4312 804 4381 interpunctione
828 4319 969 4372 eriteuduta
988 4319 1117 4391 Madru'q:
1147 4341 1197 4372 uon
1223 4332 1296 4388 potes
1321 4333 1344 4373 te
1369 4324 1437 4391 (post
1453 4326 1510 4382 putes

298 4413 394 4465 parua
413 4400 481 4462 ras.)
502 4400 543 4446 illa
562 4401 647 4464 incipit
719 4403 752 4453 :30
773 4407 929 4458 absconditur
948 4422 952 4460 t
959 4412 974 4458 b
995 4427 1032 4462 ea·
1052 4429 1068 4475 p
1089 4413 1173 4476 corr.)
