3212 5326
477 379 556 422 urat.
572 380 613 421 111.
642 380 683 421 us
698 379 749 420 ma
765 379 819 421 mu.
836 379 853 420 1.
870 381 902 421 n.
1262 364 1304 446 4'5

97 525 200 587 minus:
234 525 289 586 ubi
320 545 385 588 non
416 525 532 588 effusos
563 545 632 588 esse
655 534 784 608 oportet
808 525 940 607 inpetus,
971 525 1027 586 sed
1056 532 1252 606 temperatos
1276 534 1308 587 et

97 631 283 693 obedientes·
322 633 398 713 quid
418 633 504 694 enim
529 641 577 722 est
599 632 691 707 aliud,
714 631 802 712 quod
825 631 978 694 barbaros
1001 639 1091 693 tanto
1116 631 1308 693 robustiores

97 738 282 819 corporibuS,
313 746 404 801 tanto
435 739 638 822 patientiores
669 737 814 800 laborum
854 738 1047 800 comminuat
1085 736 1143 800 nisi
1180 736 1226 798 ira
1263 737 1307 798 in-

71 826 245 906 tlest'issima
268 843 347 907 sibi?
371 844 563 926 gladiatores
579 865 708 927 quoque
731 865 781 906 ars
797 853 910 919 tuetur,
934 843 979 906 ira
999 841 1148 906 denudat.
1193 843 1308 906 deinde
1357 903 1366 916 ,

96 951 158 1029 quid
173 971 252 1031 opus
279 960 327 1013 est
351 952 403 1028 ira,
427 972 498 1014 cum
516 953 600 1014 idem
617 951 760 1034 proficiat
783 950 883 1012 ratio?
908 970 948 1012 an
963 958 998 1010 tu
1014 959 1107 1031 putas
1123 958 1308 1012 uenatorem
1337 966 1348 1004 ὁ

96 1055 170 1147 irasci
192 1054 284 1120 feris?
317 1059 403 1140 atqui
427 1067 458 1120 et
483 1059 635 1122 uenientis
659 1058 777 1138 excipit
806 1066 838 1119 et
861 1055 1006 1138 fugientis
1036 1057 1241 1138 persequitur,
1278 1065 1309 1118 et

96 1164 188 1224 omnia
209 1162 261 1227 illa
292 1165 359 1226 sine
386 1165 431 1230 ira
462 1164 536 1228 facit
565 1166 653 1227 ratio.
699 1165 775 1246 quid
800 1161 1001 1225 Cimbrorum
1025 1161 1310 1244 Teutonorumque

95 1277 136 1330 tot
156 1268 239 1332 milia
271 1270 435 1352 superfusa
458 1271 597 1354 Alpibus
629 1247 672 1333 it¹a
694 1269 833 1344 sustulit,
858 1277 891 1330 ut
913 1276 1021 1330 tantae
1045 1267 1141 1330 cladis
1165 1269 1308 1330 notitiam

95 1375 128 1436 ad
147 1397 218 1438 suos
241 1397 307 1439 non
335 1378 460 1440 nuntius
498 1379 555 1440 sed
584 1376 669 1440 fama
692 1376 870 1458 pertulerit,
898 1376 955 1437 nisi
983 1376 1071 1456 quod
1096 1384 1162 1436 erat
1185 1373 1242 1436 illis
1265 1377 1310 1437 ira

95 1502 142 1562 pro
172 1483 307 1546 uirtute?
346 1503 427 1564 quae
466 1491 500 1546 ut
531 1482 700 1564 aliquando
738 1481 878 1564 propulit
909 1482 1082 1561 strauitque
1117 1481 1228 1556 obuia,
1267 1481 1310 1542 ita
1326 1503 1349 1544 u

69 1591 79 1640 :l
94 1589 204 1670 saepius
234 1590 294 1651 sibi
325 1591 423 1651 exitio
454 1599 510 1652 est.
557 1589 724 1652 Germanis
755 1588 828 1670 quid
862 1596 910 1651 est
940 1588 1131 1650 animosius?
1163 1588 1238 1667 quid
1269 1587 1309 1647 ad

94 1695 236 1757 incursum
260 1697 381 1758 acrius?
410 1697 486 1778 quid
510 1717 671 1759 armorum
695 1696 858 1778 cupidius?
889 1695 1002 1776 quibus
1034 1693 1235 1756 innascuntur
1265 1694 1308 1754 in-

94 1802 335 1884 nutriunturque,
366 1823 500 1883 quorum
533 1804 624 1864 unica
653 1801 710 1865 illis
742 1823 817 1865 cura
847 1810 895 1864 est
923 1802 954 1882 ip
977 1799 1036 1862 alia
1059 1799 1309 1881 neglegentibus.

94 1908 156 1986 quid
180 1908 350 1970 induratius
373 1910 415 1972 ad
439 1929 567 1972 omnem
591 1910 796 1992 patientiam?
820 1917 854 1974 ut
878 1907 991 1988 quibus
1015 1926 1132 1987 magna
1156 1927 1197 1968 ex
1220 1915 1310 1986 parte

94 2032 147 2073 non
179 2015 351 2094 tegimenta
390 2035 559 2098 corporum
598 2017 725 2098 prouisa
763 2016 841 2089 sint,
881 2033 946 2076 non
984 2011 1120 2093 suffugia
1158 2013 1309 2074 aduersus
1327 2033 1350 2074 n

68 2119 267 2201 lperpetuum
299 2119 375 2184 caeli
407 2122 563 2202 rigorem:
608 2121 668 2184 hos
691 2130 798 2184 tamen
823 2120 955 2202 Hispani
979 2117 1124 2198 Gallique
1155 2127 1187 2180 et
1210 2118 1309 2180 Asiae

94 2221 253 2306 Syriaeque
277 2226 392 2290 molles
421 2225 506 2289 bello
536 2227 607 2303 uiri,
639 2235 809 2308 antequam
833 2226 917 2308 legio
942 2227 1074 2300 uisatur,
1106 2225 1242 2286 caedunt
1265 2224 1309 2285 ob

94 2328 197 2393 nullam
229 2333 323 2394 aliam
354 2353 422 2395 rem
457 2343 657 2415 opportunos
696 2354 791 2414 quam
825 2333 1029 2409 iracundiam.
1083 2331 1221 2411 agedum
1252 2329 1309 2392 illis

95 2437 280 2518 corporibuS,
320 2438 377 2500 illis
408 2440 518 2502 animis
549 2439 691 2515 delicias,
730 2439 858 2513 luxum,
895 2458 973 2519 opes
1011 2437 1230 2518 ignorantibus
1268 2438 1310 2498 da

95 2543 241 2620 rationem,
266 2546 309 2606 da
333 2546 546 2627 disciplinam:
575 2554 609 2608 ut
632 2544 673 2607 nil
697 2545 830 2628 amplius
854 2545 966 2619 dicam,
989 2563 1119 2606 necesse
1143 2545 1200 2605 erit
1224 2551 1349 2604 certem

69 2647 173 2710 inobis
194 2671 300 2722 mores
324 2651 489 2714 Romanos
513 2661 665 2734 repetere.
711 2672 775 2732 quo
799 2650 861 2714 alio
885 2651 1002 2712 Fabius
1025 2649 1166 2711 adfectas
1189 2649 1310 2730 imperii

96 2755 163 2816 uires
185 2759 351 2832 recreauit,
382 2777 477 2838 quam
508 2760 596 2839 quod
627 2759 765 2820 cunctari
797 2765 829 2818 et
859 2755 984 2819 trahere
1016 2765 1048 2816 et
1073 2755 1188 2817 morari
1211 2755 1309 2828 sciuit,

96 2878 164 2939 quae
192 2864 297 2925 omnia
320 2864 389 2925 irati
412 2865 576 2926 nesciunt?
618 2865 752 2946 perierat
776 2863 957 2946 imperium,
990 2861 1076 2943 quod
1100 2869 1175 2922 tunc
1197 2861 1227 2922 in
1252 2879 1307 2922 ex-

96 2973 184 3029 tremo
206 2969 322 3043 stabat,
346 2971 372 3032 si
388 2971 504 3032 Fabius
527 2978 656 3034 tantum
675 2989 769 3034 ausus
793 2979 876 3032 esset
899 2977 1051 3050 quantum
1067 2969 1112 3029 ira
1135 2967 1305 3029 suadebat:

96 3071 189 3136 habuit
218 3077 249 3138 in
280 3077 411 3139 consilio
450 3076 608 3139 fortunam
640 3076 800 3161 publicam
833 3086 865 3138 et
900 3075 1072 3138 aestimatis
1104 3074 1235 3149 uiribus,
1267 3094 1309 3135 ex
1323 3097 1349 3136 n

97 3180 192 3259 quibus
222 3183 287 3245 iam
318 3183 420 3265 perire
443 3181 518 3246 nihil
541 3185 608 3246 sine
632 3185 777 3246 uniuerso
800 3192 940 3265 poterat,
972 3180 1118 3244 dolorem
1142 3181 1308 3242 ultionem-

97 3305 147 3365 que
159 3291 305 3372 seposuit,
329 3291 359 3351 in
376 3309 471 3352 unam
495 3289 660 3352 utilitatem
692 3299 723 3351 et
747 3291 930 3352 occasiones
953 3290 1097 3350 intentus.
1134 3289 1212 3350 iram
1236 3296 1310 3349 ante

71 3391 157 3455 luicit
185 3416 279 3476 quam
312 3395 534 3462 Hannibalem.
580 3397 656 3478 quid
680 3395 808 3478 Scipio?
841 3417 906 3458 non
937 3394 1045 3456 relicto
1074 3392 1254 3456 Hannibale
1278 3401 1310 3456 et

98 3496 198 3563 Punico
231 3503 373 3564 exercitu
404 3502 613 3584 omnibusque
644 3503 757 3584 quibus
787 3502 986 3564 irascendum
1015 3509 1097 3574 erat,
1127 3489 1247 3561 bellum
1279 3500 1310 3562 in

99 3601 221 3670 Africam
244 3607 403 3670 transtulit
425 3617 491 3671 tam
515 3606 633 3684 lentus,
665 3617 700 3670 ut
723 3609 904 3690 opinionem
928 3606 1069 3668 luxuriae
1092 3607 1310 3688 segnitiaeque
1324 3629 1350 3670 no

71 3704 225 3793 lmalignis
249 3716 359 3776 daret?
395 3714 469 3794 quid
492 3713 571 3777 alter
595 3713 722 3795 Scipio?
754 3735 818 3777 non
842 3714 923 3776 circa
946 3713 1151 3775 Numantiam
1175 3712 1310 3775 multum

100 3816 197 3899 diuque
227 3820 308 3882 sedit
340 3830 371 3882 et
401 3820 484 3883 hunc
514 3841 605 3884 suum
638 3820 860 3902 publicumque
891 3818 1036 3882 dolorem
1068 3839 1171 3899 aequo
1203 3820 1310 3881 animo

100 3922 171 4000 tulit,
201 3927 314 3988 diutius
338 3927 543 3990 Numantiam
571 3947 666 4007 quam
692 3925 918 4007 Carthaginem
941 3925 1043 3988 uinci?
1077 3925 1154 3986 dum
1178 3927 1310 3988 circum-

101 4080 293 4094 *—

105 4199 109 4250 l
129 4204 222 4270 inpetus
311 4207 327 4260 2
347 4209 489 4272 obedientes
586 4208 652 4257 aliud
673 4208 700 4274 (d
720 4207 803 4273 corr.)
902 4207 918 4259 b'
938 4188 1079 4271 eluenienlis
1174 4210 1311 4274 effugientis

225 4295 240 4349 9
259 4297 296 4345 ira
314 4313 360 4361 pro
378 4298 465 4346 uirtute
483 4295 558 4363 cod„
577 4313 622 4361 pro
648 4297 735 4346 uirtute
753 4297 789 4345 ira
807 4293 891 4364 uulgo
1035 4296 1067 4349 21
1089 4298 1197 4359 affectas,
1216 4295 1267 4350 sed
1286 4315 1310 4348 ιι-

100 4379 188 4432 afflictas
205 4399 237 4436 m.
256 4398 312 4439 rec.
331 4398 468 4454 superscr.
596 4383 630 4437 27
649 4387 789 4434 occasionis
921 4385 1033 4438 intentus.
1054 4386 1117 4434 iram
1138 4385 1312 4455 interpunxit

103 4463 178 4536 Gertz,
196 4470 275 4542 uulgo
293 4473 396 4523 intentus
415 4474 477 4522 iram
585 4473 618 4525 33
639 4474 704 4523 tulis
941 4465 947 4482 '
