3184 5318
274 306 334 366 ¹52
486 297 566 340 DlAL.
581 299 618 340 vt.
647 297 689 338 AD
703 257 847 338 MARCldM
861 297 903 338 DE
917 295 1159 338 CONSOLATIONE.
1187 297 1221 338 tt.
1235 298 1269 338 25.

269 447 375 507 nititur
397 443 467 518 illo,
490 442 572 506 unde
596 444 751 506 demissus
773 452 829 505 est.
876 441 917 504 ibi
939 441 1025 504 illum
1048 451 1176 504 aeterna
1199 443 1321 524 requies
1344 453 1483 504 manete

269 550 404 614 confusis
427 553 600 630 crassisque
622 571 700 632 pura
723 557 755 612 et
777 549 893 630 liquida
915 550 1076 612 uisentem.

359 657 462 721 XXV.
509 657 644 718 Proinde
675 676 738 719 non
770 665 817 718 est
848 658 935 736 quod
966 657 1008 718 ad
1035 656 1212 738 sepulcrum
1236 656 1278 718 fili
1300 657 1345 718 tui
1368 676 1510 728 curraszr

270 765 407 848 pessima
429 765 494 825 eius
518 772 550 824 et
571 763 629 844 ipsi
653 761 874 825 molestissima
897 763 965 824 istic
986 763 1096 836 iacent,
1120 782 1193 824 ossa
1215 764 1408 844 cineresque,
1429 783 1485 824 non

244 872 371 951 bmagis
408 868 487 932 illius
524 877 630 951 partes
667 890 762 950 quam
801 877 906 930 uestes
944 868 1066 949 aliaque
1103 870 1278 949 tegimenta
1315 889 1486 951 corporum.

270 979 403 1058 integer⁸
421 974 471 1038 ille
499 974 635 1056 nihilque
658 976 688 1036 in
711 976 800 1038 terris
823 973 999 1057 relinquens
1022 977 1068 1037 sui
1092 975 1170 1054 sugit
1193 983 1226 1037 et
1248 983 1335 1036 totus
1358 977 1486 1037 excessit

271 1083 461 1166 paulumque
491 1102 586 1164 supra
612 1103 670 1144 nos
695 1090 926 1154 commoratus,
959 1084 1035 1143 dum
1060 1073 1255 1164 expurgatur
1278 1090 1310 1142 et
1333 1080 1486 1144 inhaeren-

270 1191 314 1252 tia
336 1189 410 1251 uitia
432 1186 588 1268 situmque
611 1208 741 1250 omnem
766 1188 907 1250 mortalis
930 1190 999 1250 aeui
1023 1189 1150 1263 excutit,
1174 1189 1289 1250 deinde
1310 1190 1351 1249 ad
1367 1187 1487 1250 excelsa

270 1294 411 1358 sublatus
446 1295 524 1356 inter
555 1291 659 1356 felices
690 1295 784 1356 currit
814 1294 952 1356 animas:
992 1295 1110 1376 excipit
1140 1294 1226 1356 illum
1257 1303 1366 1356 coetus
1399 1314 1486 1368 sacer,

234 1415 256 1456 ¹⁰
270 1401 434 1483 Scipiones
450 1400 658 1482 Catonesque,
682 1401 822 1481 interque
846 1408 1083 1482 contemptores
1106 1402 1189 1462 uitae
1211 1409 1244 1461 et
1267 1401 1380 1462 rnortis
1400 1401 1486 1462 bene-

174 1549 177 1556 ,
271 1508 341 1570 ficio
364 1507 479 1569 liberos
502 1527 616 1589 parens
639 1514 719 1582 tuuS,
742 1507 868 1582 Marcia,
894 1507 973 1587 [illic]
1000 1515 1150 1588 nepotem
1172 1527 1277 1582 suum,
1301 1524 1514 1590 quamquam2

271 1614 331 1676 illic
353 1615 500 1676 omnibus
523 1634 619 1676 omne
643 1623 816 1692 cognatum
840 1622 897 1688 est,
920 1613 1057 1694 adplicat
1080 1613 1139 1676 sibi
1161 1634 1245 1676 noua
1267 1612 1338 1676 luce
1353 1616 1485 1694 gauden-

199 1756 202 1760 .
271 1730 337 1783 tem
369 1728 400 1781 et
430 1720 601 1782 uicinorum
632 1719 770 1783 siderum
799 1728 922 1782 meatus
945 1721 1057 1794 docet,
1089 1741 1147 1793 nec
1170 1741 1212 1782 ex
1235 1720 1415 1784 coniectura
1436 1721 1486 1782 sed

272 1827 412 1889 omnium
443 1847 485 1888 ex
517 1847 592 1888 uero
623 1827 739 1908 peritus
766 1827 797 1888 in
825 1846 939 1888 arcana
969 1835 1099 1889 naturae
1128 1826 1228 1888 libens
1260 1827 1353 1889 ducit.
1400 1837 1487 1907 utque

236 1948 257 1987 1⁵
271 1935 451 2014 ignotarum
490 1932 612 1994 urbium
646 1941 839 1995 monstrator
870 1932 985 2014 hospiti
1015 1941 1123 2014 gratus
1153 1942 1218 2007 est,
1256 1935 1300 1994 ita
1329 1933 1488 1996 sciscitanti

273 2039 454 2102 caelestium
485 2045 594 2101 causas
625 2040 817 2102 domesticus
847 2041 1007 2121 interpres.
1054 2049 1086 2102 et
1108 2041 1139 2101 in
1162 2039 1319 2120 profunda
1341 2049 1487 2101 terrarum

271 2148 455 2228 permittere
485 2146 585 2221 aciem
608 2145 715 2222 iuuat,
747 2146 832 2207 iuuat
855 2147 938 2206 enim
962 2166 1004 2208 ex
1028 2145 1093 2208 alto
1115 2144 1223 2208 relicta
1245 2147 1408 2227 respicere.
1450 2146 1516 2211 sic3

272 2254 377 2335 itaque
400 2263 447 2328 te,
471 2253 605 2328 Marcia,
633 2273 724 2333 gere,
748 2263 912 2333 tamquam
935 2253 994 2314 sub
1019 2253 1116 2315 oculis
1139 2253 1234 2338 patris
1257 2251 1363 2334 filique
1385 2253 1488 2334 posita

273 2381 336 2422 non
367 2359 489 2422 illorum
521 2381 602 2441 quos
632 2380 782 2434 noueras,
813 2361 870 2421 sed
900 2369 990 2422 tanto
1022 2359 1230 2422 excelsiorum
1249 2368 1295 2422 'et
1317 2360 1348 2420 in
1370 2379 1488 2421 summo

233 2480 259 2520 ἰθ
273 2466 459 2528 locatorum.
491 2466 640 2528 erubesce
656 2467 824 2547 quicquam
840 2465 957 2528 humile
973 2474 1026 2528 aut
1043 2464 1171 2547 uolgare
1178 2467 1293 2544 facere
1310 2475 1342 2528 et
1358 2474 1489 2527 mutatos

273 2574 304 2634 in
335 2572 444 2635 melius
472 2581 545 2634 tuos
568 2572 651 2634 flere.
697 2574 728 2635 in
751 2581 879 2634 aeterna
903 2593 1006 2635 rerum
1029 2593 1086 2655 per
1109 2572 1206 2635 libera
1229 2581 1261 2635 et
1284 2582 1375 2634 uasta
1395 2572 1489 2653 spatia

190 2756 199 2773 Ι
275 2680 420 2740 dimissos
444 2699 508 2740 non
532 2678 601 2740 illos
625 2678 773 2740 interfusa
795 2679 894 2740 maria
916 2679 1095 2742 discludunt
1118 2699 1177 2740 nec
1191 2677 1325 2741 altitudo
1342 2681 1489 2740 montium

276 2928 290 2978 1
310 2928 429 2976 demissus
449 2923 578 2994 Madaiq:
600 2926 726 2976 dimissum
810 2943 830 2975 e
849 2925 954 2975 confusis
973 2927 1108 2991 crassisque
1126 2923 1189 2979 olim
1208 2929 1375 2980 correctam:
1396 2931 1418 2975 et
1435 2939 1489 2973 con-

276 3017 336 3066 fusis
358 3003 474 3080 grassisq3
585 3014 601 3067 6
626 3016 763 3080 relinquens
788 3017 824 3064 sui
850 3013 958 3068 Haase:
986 3016 1184 3080 relinquens'uis
1291 3016 1308 3068 7
1332 3019 1490 3066 commoratus

276 3103 441 3157 deteriores:
463 3110 630 3154 commoratur
726 3105 860 3153 inherentia
956 3103 972 3157 8
991 3121 1091 3174 omnem
1112 3103 1276 3158 deteriores:
1298 3106 1407 3154 omnium

276 3193 292 3246 9
311 3194 448 3258 excipitque
473 3191 573 3262 Neap.:
595 3195 690 3258 excepit
805 3192 837 3244 ll]
858 3198 880 3241 et
899 3194 984 3242 mortis
1003 3194 1124 3244 beneficio
1150 3191 1206 3246 El:
1228 3199 1252 3243 et
1269 3194 1391 3266 beneficio

274 3318 307 3370 il
338 3293 387 3367 illic
412 3314 487 3380 eod,
512 3315 614 3371 deleuit
638 3314 713 3369 Koch
733 3321 851 3387 propter
875 3307 1015 3387 sequentia
1039 3317 1188 3384 quamquem
1213 3319 1263 3370 illic
1286 3319 1399 3368 omnibus
1422 3331 1490 3365 omne

253 3398 409 3472 'cognatim
428 3414 476 3468 est,
503 3405 530 3458 r'n
550 3404 738 3459 constituendo
758 3407 968 3495 toto3eaarrtioto
987 3405 1157 3477 Madoiqium
1175 3410 1298 3470 secutus,
1323 3408 1364 3458 ille
1382 3402 1490 3470 Madaro
1558 3428 1561 3440 ·

371 3503 402 3556 13
422 3506 466 3553 sed
485 3506 502 3575 d
520 3505 631 3554 omnium
715 3503 747 3557 ’15
765 3510 914 3556 monstrator
935 3503 1031 3558 Cario:
1052 3509 1199 3554 monstratus
1290 3504 1323 3558 16
1342 3507 1489 3569 interpres*

288 3644 291 3650 .
336 3593 337 3596 Ἴ
367 3600 400 3654 17
418 3603 558 3666 permittere
582 3603 661 3651 aciem
681 3603 760 3664 iuuat,
786 3604 851 3651 iuuat
870 3594 1055 3668 liechtiuuat,
1081 3603 1185 3652 delectat
1205 3599 1339 3666 Muretus)
1358 3602 1490 3666 permittent

277 3745 370 3804 aciem,
390 3745 456 3792 iuuat
477 3741 573 3796 Gertz:
595 3745 710 3808 pmittere
729 3745 895 3793 aciem-iuuat
1011 3743 1043 3796 18
1064 3717 1145 3810 filiique
1261 3741 1292 3796 l9
1312 3744 1482 3793 excelsiorum*

280 3869 319 3916 rin
338 3884 434 3916 summo
453 3839 569 3920 locatoil.
678 3867 711 3920 20
736 3869 852 3917 erubesce
876 3865 1039 3920 deteriores:
1065 3869 1199 3933 erubesci·
1281 3869 1396 3917 humile*
1420 3867 1490 3932 (raa,

276 3954 452 4023 satiassem)
551 3957 632 4005 iacere
651 3953 758 4008 addidit
777 3955 870 4009 Haase
971 3956 1003 4008 2l
1024 3957 1208 4010 fleraetema·
1228 3956 1304 4022 (raa,
1321 3953 1438 4023 fortasse
1455 3954 1489 4018 ml

226 4041 231 4047 ’
278 4061 357 4094 rerum
376 4061 420 4108 per
438 4046 540 4094 liberat
560 4043 825 4112 (ras.,sortasse1n)
845 4053 869 4096 et
889 4047 1059 4110 uasta.spatia
1078 4047 1182 4096 dimissi.
1203 4047 1272 4108 (llere
1287 4045 1315 4098 t'n
1328 4045 1384 4112 fine
1400 4057 1490 4097 uersas

278 4143 304 4187 et
323 4125 419 4186 cliarta
438 4131 598 4203 splendida;
621 4132 654 4186 de
673 4132 761 4186 deleta
774 4149 841 4187 uoce
854 4137 877 4183 in
890 4131 958 4187 Itali
963 4149 1083 4203 prorsus
1096 4133 1310 4200 comminuerunt)
1324 4132 1382 4188 aod.
1395 4133 1497 4189 flerain

280 4229 377 4271 aeterna
396 4238 476 4272 rerum
495 4239 538 4287 per
557 4223 634 4271 libera
647 4230 671 4271 et
684 4228 752 4271 uasta
765 4225 843 4286 spatia
858 4224 971 4274 dimissos
985 4220 1075 4292 aalqo,
1094 4223 1123 4274 ia
1135 4238 1189 4292 qaa
1202 4222 1314 4276 lectione
1326 4221 1489 4292 acquiescere

279 4309 361 4364 licere
378 4316 460 4380 palm
487 4327 521 4363 ne
546 4309 606 4380 qais
631 4296 699 4362 enim
724 4309 839 4363 eoat'at'ot
864 4314 929 4364 llere.
954 4320 1106 4361 aeternarum
1132 4328 1211 4360 rerum
1229 4328 1273 4376 per
1290 4313 1369 4370 libera
1386 4318 1407 4360 et
1424 4314 1488 4356 uasta

279 4401 358 4464 spatia
378 4399 467 4452 obstat
486 4398 635 4452 conlocatio
651 4397 863 4467 praepositionis
882 4415 899 4452 a
919 4396 1030 4466 Sarrae,
1051 4405 1181 4470 quantam
1200 4399 1265 4466 soie,
1284 4398 1373 4453 aliena
