3212 5326
293 365 332 424 94
559 369 563 378 ’
666 362 744 404 DlAL.
761 363 787 406 V.
815 361 856 403 DE
871 363 923 403 lRA
939 363 992 405 ΗΒ.
1009 361 1049 405 ΠΙ.
1077 366 1097 404 9.
1116 365 1146 403 to.

291 515 324 567 et
362 510 470 568 omnia
508 528 589 588 quae
624 508 809 570 exulcerant
847 509 972 584 uitium,
1010 528 1110 588 aeque
1147 525 1261 569 cauere
1298 504 1517 566 lassitudinem

291 615 450 692 corporis:
485 617 643 676 consumit
667 617 750 676 enim
774 617 926 696 quidquid
950 618 981 676 in
1005 614 1098 676 nobis
1121 616 1198 676 mite
1221 611 1445 693 placidumque
1468 620 1518 671 est

291 730 324 781 et
347 723 430 781 acria
453 723 600 784 concitat.
638 722 711 784 ideo
735 721 847 802 quibus
872 721 1056 784 stomachus
1072 730 1235 801 suspectus
1258 728 1315 792 est,
1339 719 1542 797 processuril

291 828 333 887 ad
364 846 413 888 res
444 829 585 906 agendas
624 830 751 889 maioris
790 831 900 908 negoti
938 828 1034 890 bilem
1074 827 1145 889 cibo
1183 833 1380 905 temperant,
1420 842 1516 904 quam

250 955 261 988 ι
291 933 432 994 maxime
457 943 567 994 mouet
589 932 745 1013 fatigatio
772 938 838 995 siue
861 936 936 1015 quia
958 933 1132 995 calorem
1124 953 1155 994 ιιι
1178 932 1284 994 media
1307 928 1461 1008 conpellit
1486 937 1517 989 et

291 1048 385 1100 nocet
407 1042 550 1118 sanguini
574 1060 761 1121 cursumque
784 1043 849 1102 eius
872 1043 960 1102 uenis
984 1038 1206 1101 laborantibus
1232 1039 1321 1110 sistit,
1353 1039 1420 1098 siue
1445 1039 1517 1116 quia

290 1163 403 1224 corpus
427 1145 634 1207 adtenuatum
658 1155 690 1208 et
707 1145 864 1208 infirmum
880 1146 1035 1208 incumbit
1058 1147 1173 1207 animo
1201 1153 1287 1205 certe
1311 1143 1354 1202 ob
1377 1145 1516 1202 eandem

289 1271 415 1320 causam
455 1253 668 1314 iracundiores
705 1262 778 1315 sunt
816 1252 998 1314 ualetudine
1036 1263 1092 1314 aut
1129 1259 1235 1314 aetate
1272 1248 1353 1310 sessi.
1415 1247 1516 1309 fames

209 1344 214 1350 ⁵
288 1377 415 1438 quoque
439 1368 471 1419 et
493 1361 560 1420 sitis
584 1379 625 1418 ex
648 1359 751 1420 isdem
776 1361 876 1420 causis
896 1360 1026 1420 uitanda
1049 1368 1113 1420 est:
1141 1366 1311 1436 exasperat
1327 1365 1359 1416 et
1376 1355 1516 1416 incendit

250 1481 273 1520 u
288 1464 418 1524 animos
473 1474 563 1526 uetus
594 1466 713 1527 dictum
745 1477 793 1526 est
824 1487 842 1528 a
866 1466 948 1526 lasso
980 1467 1082 1527 rixam
1114 1466 1229 1544 quaeri.
1282 1482 1383 1542 aeque
1408 1472 1536 1523 autem
1531 1487 1542 1516 ι
1593 1434 1594 1520 l

287 1580 320 1632 et
350 1569 392 1631 ab
424 1573 579 1634 esuriente
611 1581 643 1633 et
667 1593 685 1633 a
716 1575 840 1633 sitiente
871 1583 904 1634 et
934 1571 976 1633 ab
1008 1573 1096 1632 omni
1126 1569 1256 1632 homine
1285 1588 1381 1650 quem
1414 1568 1515 1648 aliqua
1593 1561 1594 1608 l

287 1687 336 1738 r'es
366 1679 435 1738 urit.
490 1697 563 1738 nam
596 1687 629 1738 ut
661 1678 765 1740 ulcera
804 1681 846 1740 ad
878 1678 981 1739 leuem
1013 1685 1150 1749 tactum,
1190 1676 1306 1737 deinde
1345 1677 1444 1735 etlam
1477 1676 1514 1735 ad

286 1784 496 1863 suspicionem
529 1793 632 1846 tactus
671 1784 916 1858 condolescunt,
955 1785 999 1860 ita,
1037 1783 1158 1844 animus
1196 1779 1340 1843 adlectus
1380 1782 1514 1841 minimis

287 1888 472 1962 offenditur,
503 1890 586 1952 adeo
618 1900 653 1951 ut
683 1892 840 1972 quosdam
872 1889 1020 1952 salutatio
1045 1899 1086 1958 ¹et
1116 1887 1250 1970 epistula
1280 1898 1313 1949 et
1346 1890 1452 1949 oratio
1485 1897 1514 1947 et

248 2013 271 2050 u
286 1996 491 2076 interrogatio
514 1998 545 2056 in
569 1994 656 2058 litem
681 2007 823 2058 euocent.

374 2101 413 2162 X.
445 2102 628 2182 Numquam
658 2104 724 2164 sine
755 2101 893 2183 querella
923 2122 1019 2182 aegra
1052 2111 1231 2180 tanguntur.
1278 2103 1439 2180 optimum
1469 2110 1540 2163 estl
1594 2173 1595 2180 ἵ

285 2210 390 2288 itaque
413 2209 454 2269 ad
485 2211 623 2288 primum
655 2209 728 2270 mali
751 2229 877 2271 sensum
902 2209 1022 2270 mederi
1046 2207 1112 2269 sibi
1158 2217 1226 2269 tum
1258 2207 1365 2267 uerbis
1389 2225 1513 2287 quoque
1594 2205 1595 2228 ³

284 2317 347 2376 suis
379 2317 545 2376 minimum
584 2314 736 2377 libertatis
775 2318 850 2377 dare
888 2326 921 2377 et
959 2314 1100 2376 inhibere
1130 2317 1282 2394 inpetum.
1345 2311 1438 2374 facile
1468 2321 1540 2376 est‘l

285 2429 391 2482 autem
408 2418 551 2482 adlectus
575 2441 659 2496 suos
681 2425 905 2501 cumprimum
925 2424 1072 2494 oriuntur,
1098 2419 1356 2500 deprehendere:
1385 2419 1511 2479 morbo-

245 2542 270 2580 ru
286 2546 354 2586 rum
385 2527 475 2606 signa
505 2537 717 2607 praecurrunt.
778 2528 1051 2608 quemadmodum
1089 2526 1289 2606 tempestatis
1321 2545 1359 2586 ac
1391 2525 1512 2606 pluuiae

286 2641 359 2692 ante
390 2634 488 2712 ipsas·
505 2643 601 2696 notae
633 2634 775 2708 ueniunt,
807 2635 849 2695 ita
879 2637 959 2708 irae,
998 2634 1114 2694 amoris
1145 2633 1353 2713 omniumque
1383 2634 1511 2692 istarum

285 2738 493 2817 procellarum
534 2742 657 2801 animos
688 2743 872 2802 uexantium
903 2750 976 2802 sunt
1014 2740 1174 2820 quaedam
1205 2739 1402 2818 praenuntia.
1463 2737 1511 2816 qui
1528 2749 1540 2798 :t
1595 2789 1596 2814 q

285 2844 434 2906 comitiali
465 2847 541 2906 uitio
572 2845 676 2906 solent
708 2848 832 2925 corripi,
865 2849 926 2907 iam
959 2845 1131 2907 aduentare
1155 2845 1371 2906 ualetudinem
1395 2841 1511 2904 intelle-

203 3017 208 3026 !
284 2960 378 3026 gunt,
409 2953 434 3011 si
466 2951 552 3011 calor
584 2971 710 3012 summa
741 2952 878 3012 deseruit
910 2961 942 3012 et
973 2954 1126 3014 incertum
1149 2951 1257 3012 lumen
1281 2966 1512 3027 nemorumque

244 3070 269 3108 τι
285 3056 454 3134 trepidatio
487 3066 551 3127 est,
582 3059 607 3116 si
638 3059 793 3118 memoria
825 3056 999 3118 sublabitur
1029 3068 1187 3137 caputque
1218 3065 1369 3118 uersatur.
1417 3053 1512 3115 solitis

284 3163 390 3239 itaque
421 3162 568 3221 remediis
598 3163 796 3240 incipientem
828 3183 955 3224 causam
988 3173 1146 3242 occupant
1177 3172 1209 3224 et
1233 3163 1335 3224 odore
1359 3171 1512 3242 gustuque

252 3325 254 3334 A
285 3266 436 3345 quidquid
460 3275 510 3326 est
533 3269 620 3346 quod
644 3265 758 3328 alienat
782 3271 904 3329 animos
936 3267 1110 3348 repellitur:
1146 3279 1199 3330 aut
1227 3267 1380 3330 sorbentis
1404 3275 1512 3327 contra

285 3367 380 3448 frigus
416 3371 615 3451 rigoremque
655 3384 828 3452 pugnatur,
867 3384 921 3435 aut
958 3376 982 3435 si
1021 3395 1132 3454 pamm
1173 3376 1335 3438 medicina
1372 3369 1512 3453 profecit,

286 3477 463 3536 uitauerunt
494 3477 621 3537 turbam
653 3488 684 3538 et
722 3481 788 3540 sine
826 3490 908 3541 teste
947 3481 1134 3542 ceciderunt.
1195 3481 1331 3561 prodest
1367 3477 1543 3540 morbuml

286 3736 387 3798 achd
491 3735 711 3802 beomcompellit
812 3740 994 3792 lattenuutum
1014 3741 1114 3811 (prima
1134 3754 1142 3791 t
1162 3744 1245 3808 corr.)
1347 3740 1512 3793 dualitudisse

289 3821 307 3885 (i
327 3821 411 3885 corr.)
485 3825 562 3872 lanies
581 3841 677 3889 quoque
696 3834 718 3877 et
737 3829 812 3878 sitis:
834 3831 993 3882 ..incendit
1012 3833 1109 3879 animos
1127 3829 1252 3883 ἱηηιθνιίο
1275 3827 1356 3883 Gertz
1376 3833 1437 3882 ante
1456 3828 1513 3876 ideo

287 3910 374 3973 quibus
394 3911 420 3974 (3
423 3911 432 3973 l
453 3910 657 3977 transponenda
678 3926 780 3972 cererem
797 3918 916 3984 primum
936 3917 970 3970 de
985 3917 1159 3987 fatiqationu
1180 3935 1236 3988 qua
1250 3935 1285 3972 ne
1299 3919 1515 3972 bilisruoueutur

288 3995 348 4048 cabo
368 3998 545 4064 temperanda
564 4005 612 4060 est,
595 3999 744 4064 tde'cuur,
771 4001 869 4057 deiide
887 4005 921 4057 de
937 4006 1013 4072 same
1032 4021 1065 4058 ac
1089 4007 1137 4060 siti
1153 4007 1180 4059 iu.
1200 4007 1369 4071 mummium,
1389 4003 1515 4072 adquae

288 4082 449 4148 reformatur
462 4082 561 4135 uerba:
582 4087 614 4133 ab
635 4090 751 4137 esuriente
768 4100 790 4138 et
810 4107 824 4138 a
842 4092 936 4140 sitiente
1008 4091 1116 4144 ilcausiS
1137 4094 1159 4159 (s
1172 4092 1237 4162 det.)
1314 4095 1346 4148 12
1359 4107 1395 4143 res
1413 4094 1433 4158 (s
1447 4090 1513 4155 del.)

360 4170 393 4220 ’13
413 4172 514 4218 affectus
533 4171 621 4238 (prior
640 4175 651 4220 f
667 4177 751 4242 corr.)
828 4177 856 4228 lt
871 4181 974 4243 epistola
994 4181 1020 4246 (o
1034 4185 1117 4246 corr.)
1191 4185 1272 4232 oratio
1287 4181 1425 4253 plerique:
1448 4181 1514 4228 ratio

391 4256 422 4306 lli
442 4257 540 4321 querela
639 4260 669 4312 li
688 4269 738 4312 tum
757 4265 892 4333 siqne'ficac
910 4265 998 4335 ipsum
1017 4265 1086 4320 illud
1111 4277 1217 4340 ternpus
1242 4287 1297 4340 quo
1315 4271 1422 4342 primus
1446 4266 1516 4320 mali

287 4357 384 4395 sursus
402 4359 452 4394 nos
470 4342 541 4394 subit
632 4347 664 4397 ’18
683 4350 798 4413 impetum
902 4352 933 4404 19
953 4357 1053 4404 affectus
1073 4356 1165 4426 (prror
1184 4359 1196 4406 l
1212 4359 1298 4427 corr.)
1399 4357 1514 4408 anota

289 4432 401 4478 eueniunt
420 4433 526 4498 (posta
545 4434 612 4492 rus.)
703 4437 737 4486 ire
755 4441 846 4488 amoris
866 4440 938 4508 (post
956 4443 991 4491 ire
1009 4443 1076 4510 rus)
1151 4446 1184 4498 23
1206 4448 1404 4510 ualitudinemli
1423 4447 1511 4508 corr)
