3234 5336
290 357 328 416 18
567 353 639 415 nup
658 354 688 396 11.
707 355 749 394 no
769 353 911 395 suaauvu
931 353 990 394 uae
1009 353 1152 395 mivaran
1172 343 1232 396 ute

286 499 436 560 comitem
467 519 502 561 se
533 500 585 560 diu
601 471 803 562 ⁸sustentatae
834 499 939 562 ruinae
970 499 1060 562 dedit
1087 499 1243 581 simulque
1272 501 1413 562 extincta
1440 510 1510 562 sunt

285 625 367 684 quae
397 604 484 667 nefas
515 613 582 668 erat
614 606 717 668 diuidi.
763 626 865 686 neque
896 604 979 668 enim
1004 604 1085 668 Cato
1116 615 1191 688 post
1221 606 1403 668 libertatem
1434 607 1509 668 uixit

285 731 343 773 nec
366 711 494 774 libertas
517 721 592 793 post
617 711 781 775 Catonem.
836 713 907 774 huic
938 723 971 775 tu
1002 721 1095 792 putas
1118 712 1259 775 iniuriam
1282 711 1348 775 fieri
1370 714 1539 793 potuisse-t

285 838 304 878 a
334 818 472 900 populo,
503 820 591 899 quod
622 827 677 880 aut
708 829 887 900 praeturam
920 818 961 880 illi
994 820 1132 881 detraxit
1168 829 1222 882 aut
1252 823 1385 900 togam?
1425 819 1509 899 quod

259 945 409 986 ssacrum
441 924 515 987 illud
547 935 656 1006 caput,
671 927 887 1007 purgamentis
910 926 972 986 oris
1001 927 1176 1006 adspersit?
1207 933 1294 987 tutus
1317 935 1366 987 est
1389 927 1510 1007 sapiens

285 1051 344 1092 nec
369 1030 429 1092 ulla
453 1031 545 1093 adfici
569 1041 623 1093 aut
647 1033 753 1093 iniuria
775 1041 829 1094 aut
853 1030 1044 1094 contumelia
1066 1041 1180 1112 potest.

373 1139 424 1200 ΙΙΙ.
456 1138 578 1200 Videor
609 1139 683 1200 mihi
715 1140 825 1201 intueri
855 1139 994 1200 animum
1027 1148 1117 1200 tuum
1155 1140 1316 1201 incensum
1356 1148 1388 1200 et
1421 1139 1541 1207 effer-1

285 1254 475 1306 uescentem.
514 1265 606 1326 paras
630 1245 825 1307 adclamare:
866 1245 945 1306 haec
977 1255 1049 1307 sunt
1071 1265 1153 1326 quae
1176 1247 1398 1308 auctoritatem
1422 1266 1509 1327 prae-

285 1351 383 1432 ceptis
415 1351 525 1414 uestris
565 1351 740 1414 detrahant.
788 1371 905 1432 magna
943 1352 1124 1433 promittitis
1163 1361 1195 1414 et
1225 1373 1307 1432 quae
1338 1373 1378 1413 ne
1410 1362 1502 1433 optar

248 1474 271 1512 10
285 1459 430 1538 quidem,
462 1459 579 1520 nedum
611 1459 696 1520 credi
726 1458 856 1540 possint.
903 1458 1019 1519 deinde
1050 1459 1189 1538 ingentia
1219 1458 1314 1520 locuti
1338 1478 1416 1522 cum.
1434 1479 1509 1540 pau-

284 1584 393 1646 perem
418 1565 556 1645 negastis
580 1585 649 1626 esse
673 1566 864 1646 sapientem,
895 1585 959 1626 non
991 1565 1113 1644 negatis
1140 1564 1242 1626 solere
1266 1564 1306 1627 illi
1329 1574 1361 1626 et
1384 1585 1510 1626 seruum

286 1681 318 1733 et
341 1679 460 1733 tectum
484 1680 516 1733 et
539 1672 644 1733 cibum
669 1672 790 1733 deesse.
826 1692 897 1732 cum
921 1672 1095 1752 sapientem
1120 1672 1258 1752 negastis
1281 1671 1423 1744 insanire,
1447 1691 1512 1731 non

286 1778 408 1857 negatis
432 1787 465 1839 et
488 1777 613 1862 alienari
645 1787 675 1839 et
706 1798 818 1858 parurn
842 1797 918 1839 sana
947 1778 1044 1840 uerba
1068 1779 1211 1839 emittere
1234 1787 1267 1839 et
1289 1778 1443 1858 quidquid
1466 1778 1512 1836 uis

286 1883 391 1946 morbi
414 1885 501 1964 cogit
524 1886 649 1946 audere.
696 1905 767 1946 cum
792 1885 966 1966 sapientem
990 1886 1128 1964 negastis
1151 1903 1278 1946 seruum
1303 1903 1384 1957 esse,
1417 1883 1512 1944 iidem

247 2005 270 2044 ¹5
286 2011 349 2051 non
373 1991 421 2052 itis
445 1989 556 2051 infitias
580 1999 611 2052 et
634 1992 811 2053 ueniturum
835 1999 867 2052 et
890 1991 1044 2072 imperata
1064 1990 1217 2054 facturum
1242 1999 1274 2052 et
1297 1989 1429 2051 domino
1454 2011 1512 2051 suo

284 2096 406 2158 seruilia
443 2106 674 2178 praestaturum
714 2098 889 2159 ministeria.
943 2099 985 2159 ita
1017 2079 1151 2158 'sublato'
1185 2096 1248 2158 alte
1278 2096 1443 2177 supercilio
1482 2097 1513 2156 in
1589 2121 1592 2127 ¹

285 2205 397 2265 eadem
422 2224 502 2285 quae
526 2205 621 2265 ceteri
646 2204 835 2265 descenditis
859 2205 988 2265 mutatis
1016 2223 1119 2265 rerum
1143 2202 1329 2280 nominibus.
1367 2202 1432 2262 tale
1456 2203 1545 2269 ita-2

283 2331 345 2390 que
368 2310 483 2390 aliquid
507 2319 539 2371 et
563 2311 593 2371 in
617 2310 679 2371 hoc
703 2331 772 2372 esse
795 2311 945 2391 suspicor,
977 2311 1065 2390 quod
1093 2310 1194 2389 prima
1217 2309 1321 2389 specie
1345 2307 1513 2389 pulchrum

284 2426 379 2497 atque
403 2416 604 2496 magnificum
629 2425 692 2491 est,
724 2437 781 2477 nec
805 2418 945 2478 iniuriam
977 2435 1036 2476 nec
1059 2415 1283 2476 contumeliam
1307 2424 1513 2495 accepturum

244 2535 269 2574 ‘20
285 2543 354 2594 esse
377 2523 561 2603 sapientem.
608 2523 742 2584 multum
771 2531 879 2584 autenr
901 2524 1047 2596 interest,
1079 2531 1183 2583 utrum
1215 2521 1389 2602 sapientem
1420 2530 1515 2582 extra

284 2630 532 2708 indignationem
556 2649 596 2689 an
620 2611 712 2690 extra
735 2629 874 2691 iniuriam
899 2649 1008 2709 ponas.
1053 2647 1126 2689 nam
1150 2629 1175 2688 si
1199 2628 1274 2689 dicis
1298 2626 1383 2688 illum
1408 2648 1514 2708 aequo

283 2735 389 2795 animo
414 2734 563 2810 laturum,
582 2734 700 2796 nullum
725 2734 823 2797 habet
846 2734 1051 2816 priuilegium.
1082 2735 1213 2814 contigit
1236 2733 1276 2795 illi
1299 2753 1349 2794 res
1372 2733 1514 2814 uolgaris

284 2850 315 2902 et
338 2863 419 2922 quae
450 2843 578 2902 discitur
609 2843 676 2922 ipsa
707 2842 885 2903 iniuriarum
917 2840 1120 2914 adsiduitate,
1151 2841 1309 2921 patientia.
1356 2840 1380 2900 si
1412 2860 1514 2920 negas

283 2957 488 3028 accepturum
521 2949 677 3022 iniuriam,
716 2950 747 3008 id
787 2958 835 3009 est
873 2949 1031 3009 neminem
1067 2946 1107 3008 illi
1138 2955 1367 3027 temptaturum
1399 2945 1514 3022 facere,

244 3053 431 3115 nomnibus
462 3052 576 3115 relictis
607 3055 741 3134 negotiis
772 3054 898 3116 Stoicus
928 3053 980 3118 fro,
1034 3073 1095 3133 ego
1130 3072 1206 3114 uero
1237 3054 1413 3134 sapientem
1447 3068 1545 3142 non3

283 3160 467 3239 imaginario
497 3159 619 3221 honore
644 3161 814 3222 uerborum
838 3180 994 3221 exornare
1017 3159 1179 3233 constitui,
1210 3161 1267 3220 sed
1291 3179 1331 3220 eo
1356 3159 1429 3220 loco
1455 3180 1514 3241 po-

221 3275 224 3282 ’
283 3286 372 3340 nere,
404 3286 468 3346 quo
501 3265 584 3327 nulla
615 3269 814 3347 permittatur
844 3267 959 3331 iniuria.
1005 3266 1080 3346 quid
1112 3268 1209 3344 ergo?
1241 3285 1336 3326 nemo
1369 3267 1428 3326 erit
1463 3267 1516 3346 qui

194 3353 196 3356 ¹
282 3371 430 3446 lacessat,
470 3373 523 3452 qui
553 3377 709 3453 temptet?
753 3371 827 3434 nihil
858 3373 888 3433 in
921 3392 1024 3433 rerum
1057 3381 1169 3433 natura
1198 3380 1264 3432 tam
1296 3391 1422 3432 sacrum
1457 3382 1515 3446 est,

282 3479 370 3557 quod
394 3479 580 3558 sacrilegum
597 3501 660 3540 non
677 3481 821 3554 inueniat,
845 3481 983 3540 sednon
1004 3480 1077 3539 ideo
1094 3479 1198 3539 diuina
1214 3479 1315 3540 minus
1338 3478 1369 3538 in
1385 3478 1516 3539 sublimi

244 3595 270 3635 ³0
284 3592 365 3656 sunt,
390 3585 414 3645 si
438 3586 578 3647 existunt
602 3587 654 3666 qui
679 3585 928 3666 magnitudinem
950 3583 1084 3646 multum
1116 3584 1196 3646 ultra
1226 3585 1422 3666 sepositam
1448 3605 1515 3647 non

284 3691 396 3751 tacturi
427 3693 587 3772 adpetant.
642 3691 865 3753 inuolnerabile
897 3701 945 3753 est
975 3712 1039 3752 non
1070 3693 1158 3771 quod
1189 3711 1253 3751 non
1291 3691 1414 3765 feritur,
1458 3694 1515 3753 sed

283 3798 370 3876 quod
408 3818 473 3858 non
514 3796 655 3860 laeditur.
716 3819 758 3858 ex
800 3799 859 3858 hac
902 3798 958 3860 tibi
1001 3807 1077 3859 nota
1122 3800 1297 3878 sapientem
1337 3796 1514 3860 exhibebo

319 3975 343 4026 .i.
378 3973 429 4020 d't·

283 4044 298 4095 2
318 3987 432 4094 11ὺὲῐὲῖέ
453 4043 661 4114 (suprascripsit
679 4061 712 4100 m.
733 4045 798 4110 rec.)
890 4045 905 4096 5
925 4047 1011 4110 spersit
1032 4045 1058 4111 (a
1076 4048 1140 4096 ante
1158 4061 1169 4093 s
1184 4041 1296 4097 addidit
1314 4044 1390 4097 initio
1411 4062 1515 4100 uersus

186 4145 228 4206 ι’
282 4131 387 4198 malt.)
479 4132 580 4184 basilei
671 4133 782 4186 imichi
872 4134 937 4186 8³0
956 4135 1064 4182 clamare
1145 4133 1176 4184 la
1196 4133 1410 4200 ÷ettectum(in
1424 4151 1514 4206 marq.

282 4272 315 4307 m.
334 4272 386 4310 rec.
407 4259 451 4308 ÷l.
472 4256 572 4322 uestitu)
675 4258 704 4310 13
725 4259 840 4322 quicquid
914 4258 946 4310 ll
966 4225 1055 4308 audere
1080 4261 1152 4322 (urite
1171 4257 1273 4322 aras.)
1317 4253 1320 4257 ’
1366 4257 1399 4308 15
1421 4225 1515 4309 irlfitias

371 4346 404 4397 2⁸2
424 4347 531 4410 uulgaris
612 4345 645 4398 23
666 4348 806 4396 assiduitate
890 4345 1055 4420 281acessiat
1139 4346 1215 4395 nichil
1299 4345 1334 4399 30
1352 4363 1404 4396 non
1425 4351 1515 4398 tacturi

282 4448 434 4504 Rubenius:
454 4453 565 4503 nssacturi
662 4453 694 4504 3l
716 4460 832 4517 appetant
921 4455 1098 4504 inuulnerabile
