3212 5318
311 379 450 426 [tinnitu.
481 379 521 420 ΑΙ)
537 378 689 420 Pola'ntvltt
706 377 745 418 DE
759 377 1002 422 CONSOLATIONE.
1029 381 1049 421 li.
1065 381 1085 423 ἵ.
1243 383 1305 446 277

16 509 17 568 l
96 529 284 602 describunt,
316 525 445 610 quibus,
476 546 548 588 cum
578 524 702 588 fortuna
725 533 778 587 tua
802 543 882 605 opus
906 543 968 586 non
992 525 1047 600 sit,
1079 525 1203 606 ingenio
1228 544 1308 606 opus

95 645 144 710 est,
166 637 316 697 custodes
340 633 432 697 animi
456 632 499 695 tui
524 641 604 694 sunt.
650 631 725 694 nihil
748 650 898 712 umquam
915 631 1020 712 itaque
1035 642 1128 714 potes
1144 633 1306 713 iudignum

95 741 186 804 lacere
206 739 336 823 perfecti
358 749 390 803 et
406 739 517 802 eruditi
533 739 586 800 uiri
604 739 806 820 professione,
831 747 943 800 utnon
962 737 1078 802 multos
1095 739 1307 802 admirationis

66 861 77 914 l
95 850 129 910 de
143 859 173 910 te
188 869 265 910 suae
281 849 447 929 paeniteat.
485 867 548 906 nou
565 846 637 907 licet
652 844 707 906 tibi
725 844 799 906 flere
815 844 990 908 inmodice:
1017 865 1075 907 nec
1090 846 1152 908 hoc
1168 855 1304 910 tantum-

95 955 183 1017 modo
207 974 271 1016 non
296 953 375 1030 licet,
399 975 439 1015 ne
461 972 609 1016 somnum
634 953 761 1033 quidem
783 953 957 1014 extendere
973 951 1002 1013 in
1019 961 1142 1033 partem
1160 953 1220 1015 diei
1236 952 1334 1017 licett

93 1073 139 1126 aut
169 1083 186 1124 a
217 1059 354 1124 tumultu
382 1081 485 1123 rerum
510 1061 539 1123 in
564 1059 662 1122 otium
688 1057 764 1121 ruris
787 1057 881 1139 quieti
907 1057 1077 1140 confugere
1100 1068 1154 1122 aut
1177 1061 1308 1122 adsidua

93 1169 231 1231 laboriosi
255 1167 347 1231 officii
371 1169 506 1231 statione
530 1165 696 1246 fatigatum
721 1185 835 1248 corpus
859 1165 1033 1248 uoluptaria
1056 1167 1307 1248 peregrinatione

92 1297 223 1339 recreare
255 1284 309 1338 aut
333 1274 584 1358 spectaculorum
610 1274 760 1336 uarietate
784 1274 921 1336 animum
946 1273 1085 1336 detincre
1109 1283 1162 1336 aut
1186 1295 1227 1336 ex
1251 1283 1307 1336 tuo

92 1383 211 1446 arbitrio
237 1384 320 1444 diem
347 1383 522 1464 disponere.
570 1381 642 1459 l2⁶l
672 1378 771 1442 multa
794 1380 849 1442 tibi
873 1399 937 1441 non
960 1379 1068 1454 licent,
1092 1400 1173 1460 quae
1195 1381 1305 1444 humil-

66 1501 77 1550 l
93 1489 163 1552 limis
193 1499 225 1552 et
257 1490 286 1551 in
319 1487 436 1569 angulo
467 1487 639 1550 iacentibus
670 1485 772 1552 licent.
819 1506 935 1568 magna
964 1487 1095 1551 seruitus
1119 1495 1167 1549 est
1191 1507 1308 1569 magna
1323 1497 1347 1539 ¹⁰

93 1596 216 1659 fortuna.
262 1616 327 1658 non
358 1596 429 1658 licet
461 1595 523 1657 tibi
550 1595 717 1675 quicquam
749 1592 877 1656 arbitrio
908 1602 965 1654 tuo
995 1592 1116 1657 iacere:
1151 1595 1308 1658 audienda

15 1777 16 1780 Ἴ
92 1713 155 1766 sunt
184 1713 231 1768 tot
255 1701 418 1765 hominum
444 1699 542 1776 milia,
571 1709 620 1762 tot
645 1701 833 1782 disponendi
856 1698 957 1762 libelli.
1005 1709 1112 1763 tantus
1137 1721 1240 1764 rerum
1265 1721 1318 1765 ex·

15 1815 17 1882 g
93 1811 161 1872 orbe
184 1819 254 1873 toto
272 1811 453 1873 coeuntium
471 1817 641 1890 congestus
658 1817 691 1869 ut
708 1809 807 1890 possit
822 1827 879 1889 per
896 1809 1038 1870 ordinem
1055 1829 1146 1870 suum
1163 1810 1307 1892 principis

93 1917 212 1979 maximi
242 1917 348 1979 animo
372 1916 485 1992 subici,
518 1917 685 1996 erigendus
708 1915 774 1996 ipse
798 1936 840 1977 es.
886 1915 1044 1978 nonlicet
1068 1915 1139 1990 tibi,
1170 1917 1307 1998 inquam,

15 2019 16 2064 1
93 2021 173 2098 llere,
211 2031 244 2086 ut
277 2021 394 2084 multos
426 2022 536 2084 flentes
567 2021 674 2084 audire
704 2023 813 2102 possis.
869 2030 902 2082 ut
933 2021 1170 2101 periclitantium
1203 2030 1235 2084 et
1265 2023 1305 2084 ad
1324 2041 1346 2082 u

39 2107 45 2120 .
93 2131 329 2192 misericordiam
369 2129 521 2191 mitissimi
554 2127 695 2190 Caesaris
733 2128 895 2209 peruenire
933 2127 1124 2208 cupientium
1161 2127 1307 2191 lacrimae

92 2237 212 2318 possint,
236 2235 293 2299 tibi
316 2245 391 2298 tuae
414 2236 621 2298 adsiccandae
645 2243 724 2297 sunt.

68 2351 76 2402 l
173 2343 240 2406 Vll.
273 2341 362 2404 Haec
394 2351 501 2404 tamen
527 2343 705 2404 etiamnunc
728 2340 896 2403 lenioribus
920 2341 1067 2404 remediis
1090 2341 1300 2404 adiuuabant:

15 2475 16 2482 ¹
93 2470 157 2512 cum
180 2449 266 2512 uoles
290 2451 431 2512 omnium
457 2469 559 2512 rerum
584 2447 732 2522 obliuisci,
758 2445 935 2510 Caesarem·
951 2448 1063 2528 cogita.
1104 2447 1183 2523 uide,
1208 2469 1303 2530 quan-

93 2565 151 2618 tam
179 2557 267 2620 huius
292 2557 321 2618 in
346 2566 378 2619 te
401 2555 614 2638 indulgentiae
638 2553 750 2630 fidem,
782 2563 932 2635 quantam
957 2555 1140 2618 industriam
1166 2555 1303 2618 debeas:
1321 2573 1347 2615 ro

94 2662 245 2745 intelleges
277 2684 340 2725 non
365 2663 465 2744 magis
489 2663 544 2726 tibi
568 2663 720 2724 incuruari
744 2661 837 2724 licere
860 2682 954 2742 quarn
978 2661 1035 2738 illi,
1066 2663 1091 2723 si
1115 2662 1183 2742 quis
1207 2663 1307 2723 modo

67 2775 136 2830 lest
157 2769 266 2832 sabulis
289 2769 430 2844 traditus
454 2769 539 2830 cuius
563 2769 678 2831 umeris
701 2769 837 2832 mundus
861 2768 1005 2830 innititur.
1038 2765 1163 2830 Caesari
1179 2787 1307 2849 quoque

92 2875 149 2957 ipsi,
172 2878 220 2939 cui
241 2876 349 2939 omnia
364 2875 466 2950 licent,
486 2885 617 2958 propter
632 2875 694 2937 hoc
711 2876 812 2958 ipsum
830 2875 929 2938 multa
945 2895 1009 2936 non
1025 2872 1137 2937 licent:
1164 2874 1306 2936 omnium

92 3001 212 3045 somnos
235 2983 314 3045 illius
339 2982 441 3063 uigilia
466 2981 622 3057 defendit,
646 2983 787 3043 omnium
812 2984 912 3044 otium
936 2981 1014 3042 illius
1037 2979 1141 3055 labor,
1164 2981 1305 3050 omnium

93 3088 207 3150 delicias
238 3089 315 3151 illius
346 3088 511 3164 industria,
544 3090 686 3151 omnium
719 3089 916 3151 uacationem
941 3087 1018 3151 illius
1042 3086 1216 3168 occupatio.
1264 3107 1306 3150 ex
1320 3107 1345 3146 rs

94 3215 149 3274 quo
179 3217 213 3259 se
237 3194 355 3258 Caesar
383 3196 451 3258 orbi
480 3205 632 3259 terrarum
657 3195 832 3269 dedicauit,
864 3195 922 3256 sibi
946 3193 1065 3274 eripuit.
1112 3203 1143 3256 et
1167 3194 1304 3255 siderum

94 3302 197 3379 modo,
228 3323 310 3383 quae
342 3304 514 3384 inrequieta
541 3321 667 3383 semper
696 3322 803 3364 cursus
827 3321 902 3364 suos
925 3300 1102 3382 explicant,
1132 3319 1305 3381 numquam

93 3443 293 3454 ——-—-...—..

170 3516 183 3568 1
205 3516 350 3566 consortum
369 3513 450 3568 tuoB
539 3515 554 3568 ‘2
574 3515 655 3580 itaque
669 3513 777 3585 Lipsius
791 3516 824 3564 ita
840 3511 919 3567 ΒΙ>Ε
1005 3513 1020 3564 3
1041 3513 1141 3578 perfecti
1157 3509 1307 3566 Pirrcr'unus

92 3603 183 3664 proiecti
203 3601 285 3658 BDE
390 3602 462 3654 lde
481 3609 504 3654 te
523 3620 579 3654 suae
599 3603 625 3658 B
643 3605 674 3654 de
692 3621 718 3654 se
736 3619 794 3652 suae
816 3600 866 3654 ΠΕ
972 3601 1060 3654 onon
1078 3603 1143 3661 licet,
1163 3618 1193 3651 ne
1213 3600 1307 3655 Haase

92 3691 205 3743 nonlicet
224 3709 270 3742 nec
292 3689 382 3744 Bnon
402 3693 459 3743 licet
477 3693 522 3742 tibi
541 3707 586 3742 nec
606 3689 659 3744 DE
763 3707 892 3756 sompnum
913 3693 937 3740 in
956 3689 1096 3756 partemB
1198 3688 1354 3768 ilquieti¹

92 3775 190 3849 lipsius
213 3782 301 3848 quietis
322 3778 401 3834 BDE
506 3780 684 3847 'luoluptaria
703 3778 783 3834 BDE
797 3781 934 3830 uoluntaria
954 3777 1065 3834 Fickert
1172 3779 1246 3834 8ex
1265 3786 1306 3830 tuo

92 3869 322 3939 arbitrioBNeap.
342 3877 383 3920 tuo
403 3871 505 3921 arbitrio
521 3867 572 3924 DE
661 3870 693 3923 10
708 3868 852 3934 rraguloa
871 3867 1064 3934 inauguloDE
1139 3857 1184 3922 ‘12
1204 3887 1232 3919 ex
1242 3863 1306 3919 orbe

92 3960 136 4007 loto
156 3958 181 4013 B
199 3976 228 4009 ex
247 3965 299 4009 toto
319 3961 380 4010 orbe
398 3957 453 4012 llll
544 3959 572 4012 ll
592 3961 678 4010 subicit
693 3955 718 4011 B
807 3959 935 4024 erigendus
950 3960 1001 4023 ipse
1014 3975 1038 4007 es
1052 3956 1161 4028 Lipsius
1174 3958 1306 4023 exigendus

92 4045 108 4094 is
125 4055 158 4097 est
176 4047 202 4101 B
220 4050 350 4114 erigendus
369 4051 389 4098 is
408 4055 442 4099 est
456 4045 510 4102 DE
598 4047 630 4102 16
649 4049 766 4098 lacrimae
785 4049 878 4112 possint
892 4045 946 4100 DE
955 4045 1048 4118 Haupt
1061 4047 1177 4096 lacrimae
1193 4044 1217 4099 B

95 4135 121 4187 ltl
144 4137 274 4188 lenioribus
299 4139 412 4188 remediis
434 4136 458 4190 B
482 4139 612 4188 leuioribus
636 4144 661 4187 te
683 4136 797 4186 remediis
816 4134 870 4189 DE
891 4142 914 4186 te
938 4137 1070 4186 leuioribus
1090 4137 1203 4185 remediis
1224 4134 1305 4191 Gertz

173 4226 206 4280 20
225 4229 274 4277 inte
290 4225 314 4280 B
332 4229 380 4278 uite
395 4225 447 4280 DE
533 4227 567 4280 22
587 4224 724 4279 traditusB
743 4225 845 4275 traditus
864 4223 1000 4278 iauorllli’
1087 4223 1265 4278 inititurB.

94 4311 122 4362 ll
144 4331 240 4366 somnos
261 4314 396 4386 Spaldlnq
416 4317 505 4366 domos
526 4313 605 4370 ΒΕΕ
691 4315 726 4368 25
751 4317 918 4366 euocationem
941 4313 965 4368 B
1059 4313 1093 4366 26
1118 4331 1144 4365 se
1162 4331 1232 4364 cesar
1250 4317 1305 4365 orbi

95 4397 116 4449 B
132 4419 195 4454 cesar
213 4423 238 4455 se
257 4407 312 4456 orbi
331 4403 358 4458 D
376 4421 445 4456 cesar
463 4407 517 4454 orbi
537 4403 564 4458 Ε
681 4405 812 4456 declinauit
832 4403 858 4458 B
965 4403 1011 4452 sibi
1030 4405 1118 4469 eripuit
1138 4401 1192 4456 ΒΕ
1213 4405 1305 4454 se·sibi

95 4490 214 4554 eripuitD
303 4493 337 4546 27
356 4490 469 4545 morell
