3212 5326
248 287 250 294 Ι
306 303 386 347 DlAL.
402 304 440 348 Vi.
469 301 510 346 AD
527 304 669 348 MARctAM
686 305 726 346 bs
740 305 983 350 CONSOLATIONE.
1012 308 1033 351 2.
1048 309 1068 350 ³.
1238 311 1297 374 123

92 453 199 533 ingenio
224 459 399 534 potentem,
425 451 502 532 [sedi
527 450 712 534 frugalitatis
736 452 1008 536 continentiaeque
1023 455 1053 516 in
1070 454 1128 516 illis
1143 463 1197 518 aut
1214 457 1301 518 annis

91 568 134 622 aut
148 558 258 642 opibus
275 579 339 620 non
356 559 556 622 mediocriter
571 561 784 638 admirandae,
797 562 971 642 patientem
988 561 1141 637 laborum,
1157 561 1299 642 uolupta-

91 665 158 728 tibus
186 664 341 740 alienum,
373 674 664 749 quantumcumque
692 670 843 749 inponere
866 666 907 730 illi
931 668 1101 731 auunculus
1125 678 1172 743 et,
1204 679 1236 730 ut
1258 669 1301 730 ita

90 772 190 848 dicam,
223 772 421 838 inaedificare
445 771 607 852 uoluisset,
638 774 782 837 laturum.
829 775 911 838 bene
933 774 1055 856 legerat
1078 773 1152 838 nulli
1176 793 1301 836 cessura

64 885 74 936 l
89 880 204 960 ponderi
238 877 451 942 fundamenta.
497 879 616 944 nullum
644 881 739 946 finem
769 903 825 964 per
849 902 944 944 omne
968 884 1052 946 uitae
1075 901 1150 944 suae
1174 890 1327 962 tempusa

90 985 167 1048 fiendi
198 987 412 1068 gemendique
443 985 516 1050 fecit
546 1007 605 1050 nec
637 987 713 1052 ullas
744 989 870 1052 admisit
903 1010 997 1052 uoces
1026 987 1161 1053 salutare
1185 988 1300 1070 aliquid

89 1091 259 1168 adferentis,
283 1113 323 1154 ne
346 1095 470 1156 auocari
493 1094 621 1175 quidem
645 1115 679 1156 se
702 1115 796 1177 passa
819 1103 885 1158 est:
917 1094 1037 1158 intenta
1060 1095 1091 1156 in
1115 1115 1208 1158 unam
1234 1113 1300 1158 rem

89 1207 113 1260 et
133 1207 199 1262 toto
223 1199 331 1261 animo
355 1197 463 1262 adfixa
486 1199 555 1263 talis
578 1221 635 1283 per
658 1221 788 1264 omnem
812 1201 909 1264 uitam
933 1200 998 1277 fuit,
1022 1200 1121 1283 qualis
1138 1203 1168 1264 in
1185 1199 1300 1263 funere.

87 1325 136 1366 non
159 1307 231 1367 dico
256 1326 320 1367 non
342 1313 390 1368 est
407 1325 481 1368 ausa
498 1327 697 1390 consurgere,
721 1308 778 1370 sed
795 1307 931 1372 adleuari
952 1328 1107 1384 recusans,
1128 1309 1299 1371 secundam

87 1411 241 1474 orbitatem
279 1413 417 1474 iudicans
456 1413 599 1476 lacrimas
630 1415 791 1490 amittere,
830 1413 947 1478 nullam
981 1413 1098 1477 habere
1130 1415 1340 1496 imaginemur

62 1516 126 1579 ltilii
151 1519 300 1582 carissimi
328 1518 442 1595 uoluit,
480 1519 596 1584 nullam
626 1521 684 1584 sibi
708 1522 749 1586 de
772 1521 825 1584 illo
849 1521 914 1584 fieri
939 1521 1140 1584 mentionem.
1189 1522 1301 1583 oderat

85 1645 181 1688 omnes
212 1635 330 1690 matres
360 1635 391 1688 et
422 1627 452 1690 in
473 1613 597 1691 Liuiam
628 1629 768 1692 maxime
799 1629 938 1703 furebat,
968 1629 1040 1712 quia
1072 1628 1237 1691 uidebatur
1260 1628 1302 1690 ad

85 1731 147 1794 illius
177 1732 274 1796 filium
308 1734 453 1796 transisse
484 1735 543 1798 sibi
566 1736 721 1818 promissa
744 1733 880 1799 felicitas.
927 1735 1065 1798 tenebris
1088 1744 1120 1798 et
1144 1734 1301 1797 solitudini

84 1837 314 1916 familiarissima,
338 1861 378 1902 ne
394 1843 434 1903 ad
451 1839 578 1904 fratrem
594 1843 724 1925 quidem
741 1842 915 1924 respiciens
940 1842 1078 1904 carmina
1094 1841 1301 1904 celebrandae

84 1944 208 2009 Marcelli
232 1947 406 2008 memoriae
430 1949 595 2030 conposita
618 1948 758 2030 aliosque
781 1949 956 2012 studiorum
980 1949 1117 2012 honores
1141 1948 1245 2011 reiecit
1269 1955 1301 2010 et
1319 1967 1341 2008 rr»

83 2071 159 2115 aures
188 2073 261 2116 suas
292 2053 443 2116 aduersus
466 2076 562 2118 omne
586 2033 736 2118 solacium
760 2054 877 2119 clausit.
924 2076 942 2117 a
965 2054 1169 2117 sollemnibus
1192 2052 1301 2116 officiis

83 2161 200 2222 seducta
234 2168 267 2223 et
303 2161 404 2242 ipsam
444 2161 666 2242 magnitudinis
703 2161 858 2225 fraternae
897 2163 987 2225 nimis
1025 2159 1299 2223 circumlucentem

83 2263 226 2329 fortunam
251 2287 353 2329 exosa
377 2266 500 2331 defodit
524 2289 557 2332 se
582 2278 613 2331 et
637 2269 767 2331 abdidit.
814 2268 1029 2332 adsidentibus
1053 2266 1172 2344 liberis,
1201 2287 1298 2349 nepo-

21 2359 23 2370 ’
82 2371 152 2434 tibus
173 2373 340 2456 lugubrem
365 2384 485 2438 uestem
510 2396 573 2438 non
600 2376 755 2458 deposuit,
778 2395 842 2438 non
866 2376 931 2438 sine
952 2375 1141 2438 contumelia
1162 2375 1299 2436 omnium

82 2497 203 2557 suorum,
226 2481 339 2564 quibus
363 2480 455 2544 saluis
479 2482 558 2544 orba
580 2483 638 2545 sibi
662 2483 835 2545 uidebatur.
1311 2499 1337 2542 ²⁰

60 2596 65 2646 t
158 2587 206 2650 111.
243 2588 334 2650 Liuia
349 2586 607 2668 amiseratfrlium
623 2589 771 2666 Drusum,
796 2608 948 2670 magnum
964 2586 1100 2650 futurum
1115 2589 1296 2671 principem,

82 2691 134 2754 iam
163 2714 313 2776 magnum
345 2695 479 2758 ducem:
514 2696 684 2758 intrauerat
714 2695 837 2778 penitus
861 2694 1063 2758 Germaniam
1088 2704 1120 2757 et
1143 2694 1184 2755 ibi
1208 2695 1298 2775 signa

82 2796 214 2863 Romana
247 2800 379 2878 fixerat,
419 2801 471 2864 ubi
501 2803 556 2864 uix
588 2801 667 2865 ullos
698 2821 769 2864 esse
799 2802 965 2864 Romanos
995 2809 1106 2864 notum
1138 2809 1213 2864 erat.
1266 2800 1297 2861 in

84 2908 271 2986 expeditione
295 2909 475 2970 decesserat
498 2909 572 2992 ipsis
596 2909 681 2970 illum
701 2907 845 2972 hostibus
862 2928 991 2991 aegrum
1008 2928 1080 2970 cum
1097 2907 1297 2971 ueneratione

84 3022 110 3072 et
130 3033 202 3094 pace
226 3023 335 3078 mutua
359 3015 621 3098 prosequentibus
644 3035 703 3077 nec
726 3023 837 3097 optare
860 3017 947 3098 quod
972 3017 1163 3099 expediebat
1179 3015 1295 3077 auden·
1311 3033 1337 3074 aa

83 3117 161 3182 tibus.
198 3121 373 3184 accedebat
397 3124 438 3184 ad
462 3121 544 3184 hanc
564 3131 710 3198 mortem,
734 3142 830 3204 quam
852 3122 901 3184 ille
916 3143 975 3205 pro
992 3122 1150 3206 republica
1167 3121 1297 3196 obierat,

84 3222 179 3306 ingens
209 3229 322 3292 ciuium
356 3230 647 3310 prouinciarumque
680 3237 711 3290 et
742 3229 838 3292 totius
866 3229 972 3292 Italiae
1004 3230 1210 3304 desiderium,
1241 3247 1298 3310 per

85 3350 164 3410 quam
195 3335 299 3397 effusis
331 3336 360 3396 in
392 3334 529 3399 officium
560 3335 693 3418 lugubre
726 3335 896 3418 municipiis
924 3335 1116 3418 coloniisque
1145 3355 1243 3416 usque
1266 3334 1297 3396 in

57 3439 180 3503 turbem
205 3443 334 3504 ductum
361 3451 427 3504 erat
450 3441 540 3505 funus
563 3442 724 3524 triumpho
745 3441 943 3505 simillimum.
982 3464 1046 3506 non
1062 3442 1190 3504 licuerat
1206 3442 1297 3504 matri

86 3543 179 3608 ultima
201 3547 250 3610 filii
274 3547 382 3612 oscula
406 3559 595 3631 gratumque
612 3550 747 3611 extremi
762 3569 941 3612 sermonem
959 3551 1021 3612 oris
1037 3549 1167 3611 haurire.
1200 3547 1338 3630 longono

92 3737 98 3786 l
120 3747 229 3802 potentem
251 3742 402 3797 deteriores
419 3739 544 3796 nonnulli
551 3763 556 3794 :
579 3745 706 3809 inpotente
797 3745 839 3793 sed
858 3742 970 3797 induxit
990 3741 1115 3797 Muretus
1206 3741 1298 3796 faise-

89 3829 150 3877 rentis
171 3831 258 3900 (prior
278 3833 289 3882 f
305 3833 333 3885 ire
353 3833 423 3900 ras.)
521 3837 537 3884 ὅ
557 3833 631 3882 affixa
655 3831 748 3901 (prior
768 3831 824 3884 ffa
843 3833 911 3898 ras.)
1012 3833 1043 3884 ltl
1062 3835 1172 3884 amittere
1191 3829 1294 3900 Neap:

90 3916 170 3968 mittere
183 3921 275 3991 (supro
289 3939 314 3971 m
328 3926 368 3974 est
381 3938 394 3970 e
407 3919 454 3974 uel
465 3938 479 3970 a
494 3919 592 3988 deleta)
670 3921 699 3972 fb
720 3921 859 3986 composita
932 3922 1047 3987 aliosrga
1128 3921 1159 3974 l'i
1177 3923 1298 3970 fraternae

90 4005 149 4056 nimis
160 4005 320 4063 deteriorum
333 4025 405 4063 arnus
418 4015 444 4064 et
457 4008 540 4063 after:
563 4011 668 4060 fraterna
680 4011 753 4059 nimis
766 4007 828 4078 (sed
839 4016 902 4063 ante
915 4012 987 4060 nimis
1001 4009 1106 4080 aliquid
1118 4009 1244 4074 deletum)

92 4091 119 4145 22
134 4097 195 4162 signa
212 4101 328 4150 Romana
348 4100 435 4149 fixerat
454 4097 595 4153 Muretus:
617 4100 711 4165 signum
732 4101 839 4148 Romani
860 4101 960 4150 fixerunt
1061 4100 1093 4152 251
1113 4101 1296 4165 prosequentib;

94 4181 200 4249 (praefer
217 4190 261 4247 tib;
283 4188 311 4241 in
330 4188 400 4254 ras.)
511 4187 544 4240 26
570 4189 706 4254 prox-P·
810 4188 844 4241 2?
863 4190 1016 4254 puinciattqr
1038 4189 1073 4255 (q;
1095 4187 1122 4238 itt
1143 4191 1207 4251 ros.)

93 4284 243 4396 ltmunicipiis
354 4331 388 4384 30
412 4331 498 4382 ultima
524 4330 673 4385 deteriores
698 4328 800 4400 aliquot
807 4350 812 4380 :
839 4332 932 4381 utinam
959 4330 1019 4398 (sed
1043 4348 1057 4384 u
1082 4330 1108 4382 iu
1133 4329 1201 4394 ras.)

94 4421 198 4483 gratumq;
208 4435 223 4468 a
