<?xml version="1.0" encoding="UTF-8"?>
<!DOCTYPE html PUBLIC "-//W3C//DTD XHTML 1.0 Transitional//EN"
    "http://www.w3.org/TR/xhtml1/DTD/xhtml1-transitional.dtd">
<html xmlns="http://www.w3.org/1999/xhtml" xml:lang="en" lang="en">
 <head>
  <title>
</title>
<meta http-equiv="Content-Type" content="text/html;charset=utf-8" />
  <meta name='ocr-system' content='tesseract 3.04.00' />
  <meta name='ocr-capabilities' content='ocr_page ocr_carea ocr_par ocr_line ocrx_word'/>
</head>
<body>
  <div class='ocr_page' id='page_1' title='image "./lannaeisenecaed01vahlgoog_0145.png"; bbox 0 0 3212 5326; ppageno 0'>
   <div class='ocr_carea' id='block_1_1' title="bbox 313 341 1194 412">
    <p class='ocr_par' dir='ltr' id='par_1_1' title="bbox 313 341 1194 412">
     <span class='ocr_line' id='line_1_1' title="bbox 313 341 1194 412; baseline -0.028 0"><span class='ocrx_word' id='word_1_1' title='bbox 313 351 374 412; x_wconf 80' lang='lat'>104</span> <span class='ocrx_word' id='word_1_2' title='bbox 651 341 729 384; x_wconf 73' lang='lat' dir='ltr'>Dtnt.</span> <span class='ocrx_word' id='word_1_3' title='bbox 746 343 772 386; x_wconf 82' lang='lat' dir='ltr'>V.</span> <span class='ocrx_word' id='word_1_4' title='bbox 803 343 842 384; x_wconf 79' lang='lat' dir='ltr'>os</span> <span class='ocrx_word' id='word_1_5' title='bbox 857 344 908 384; x_wconf 77' lang='lat' dir='ltr'>ran</span> <span class='ocrx_word' id='word_1_6' title='bbox 923 345 978 385; x_wconf 79' lang='lat' dir='ltr'>un.</span> <span class='ocrx_word' id='word_1_7' title='bbox 994 343 1035 386; x_wconf 86' lang='lat'>111.</span> <span class='ocrx_word' id='word_1_8' title='bbox 1063 347 1097 387; x_wconf 78' lang='lat' dir='ltr'>to.</span> <span class='ocrx_word' id='word_1_9' title='bbox 1111 347 1145 388; x_wconf 78' lang='lat' dir='ltr'>ar.</span> <span class='ocrx_word' id='word_1_10' title='bbox 1160 347 1194 386; x_wconf 78' lang='lat' dir='ltr'>n.</span> 
     </span>
    </p>
   </div>
   <div class='ocr_carea' id='block_1_2' title="bbox 181 489 1585 3781">
    <p class='ocr_par' dir='ltr' id='par_1_2' title="bbox 181 489 1585 3781">
     <span class='ocr_line' id='line_1_2' title="bbox 309 489 1521 580; baseline 0.001 -27"><span class='ocrx_word' id='word_1_11' title='bbox 309 490 429 554; x_wconf 88' lang='lat' dir='ltr'>radices</span> <span class='ocrx_word' id='word_1_12' title='bbox 451 511 578 572; x_wconf 89' lang='lat' dir='ltr'>quoque</span> <span class='ocrx_word' id='word_1_13' title='bbox 601 500 634 553; x_wconf 94' lang='lat' dir='ltr'>et</span> <span class='ocrx_word' id='word_1_14' title='bbox 656 489 775 580; x_wconf 77' lang='lat' dir='ltr'>berbae</span> <span class='ocrx_word' id='word_1_15' title='bbox 799 490 980 554; x_wconf 85' lang='lat' dir='ltr'>defecerant</span> <span class='ocrx_word' id='word_1_16' title='bbox 1003 495 1209 573; x_wconf 87' lang='lat' dir='ltr'>apparuitque</span> <span class='ocrx_word' id='word_1_17' title='bbox 1232 495 1323 574; x_wconf 91' lang='lat' dir='ltr'>inops</span> <span class='ocrx_word' id='word_1_18' title='bbox 1347 493 1441 554; x_wconf 85' lang='lat' dir='ltr'>etiam</span> <span class='ocrx_word' id='word_1_19' title='bbox 1464 497 1521 556; x_wconf 91' lang='lat' dir='ltr'>ani.</span> 
     </span>
     <span class='ocr_line' id='line_1_3' title="bbox 277 598 1522 680; baseline 0 -20"><span class='ocrx_word' id='word_1_20' title='bbox 277 626 279 630; x_wconf 50' lang='lat'><strong><em>¹</em></strong></span> <span class='ocrx_word' id='word_1_21' title='bbox 309 599 437 660; x_wconf 90' lang='lat' dir='ltr'>malium</span> <span class='ocrx_word' id='word_1_22' title='bbox 468 598 621 672; x_wconf 89' lang='lat' dir='ltr'>solitud0,</span> <span class='ocrx_word' id='word_1_23' title='bbox 652 599 809 660; x_wconf 91' lang='lat' dir='ltr'>decimum</span> <span class='ocrx_word' id='word_1_24' title='bbox 840 618 999 680; x_wconf 89' lang='lat' dir='ltr'>quemque</span> <span class='ocrx_word' id='word_1_25' title='bbox 1026 599 1128 660; x_wconf 90' lang='lat' dir='ltr'>sortiti</span> <span class='ocrx_word' id='word_1_26' title='bbox 1151 599 1334 661; x_wconf 82' lang='lat' dir='ltr'>alimentum</span> <span class='ocrx_word' id='word_1_27' title='bbox 1357 600 1522 662; x_wconf 86' lang='lat' dir='ltr'>babuemnt</span> 
     </span>
     <span class='ocr_line' id='line_1_4' title="bbox 308 705 1547 787; baseline -0.002 -19"><span class='ocrx_word' id='word_1_28' title='bbox 308 705 393 768; x_wconf 91' lang='lat' dir='ltr'>fame</span> <span class='ocrx_word' id='word_1_29' title='bbox 420 705 550 767; x_wconf 89' lang='lat' dir='ltr'>saeuius.</span> <span class='ocrx_word' id='word_1_30' title='bbox 596 707 714 785; x_wconf 85' lang='lat' dir='ltr'>agebat</span> <span class='ocrx_word' id='word_1_31' title='bbox 737 705 841 769; x_wconf 85' lang='lat' dir='ltr'>adbuc</span> <span class='ocrx_word' id='word_1_32' title='bbox 863 715 909 767; x_wconf 85' lang='lat' dir='ltr'>tra</span> <span class='ocrx_word' id='word_1_33' title='bbox 931 725 1040 785; x_wconf 87' lang='lat' dir='ltr'>regem</span> <span class='ocrx_word' id='word_1_34' title='bbox 1064 707 1281 786; x_wconf 89' lang='lat' dir='ltr'>praecipitem,</span> <span class='ocrx_word' id='word_1_35' title='bbox 1313 726 1386 768; x_wconf 92' lang='lat' dir='ltr'>cum</span> <span class='ocrx_word' id='word_1_36' title='bbox 1409 716 1547 787; x_wconf 82' lang='lat' dir='ltr'>partemt</span> 
     </span>
     <span class='ocr_line' id='line_1_5' title="bbox 309 811 1522 893; baseline -0.001 -18"><span class='ocrx_word' id='word_1_37' title='bbox 309 815 465 876; x_wconf 85' lang='lat' dir='ltr'>exercitus</span> <span class='ocrx_word' id='word_1_38' title='bbox 487 811 659 886; x_wconf 90' lang='lat' dir='ltr'>amisisset,</span> <span class='ocrx_word' id='word_1_39' title='bbox 687 821 810 893; x_wconf 90' lang='lat' dir='ltr'>partem</span> <span class='ocrx_word' id='word_1_40' title='bbox 835 812 1040 886; x_wconf 85' lang='lat' dir='ltr'>comedisset,</span> <span class='ocrx_word' id='word_1_41' title='bbox 1071 814 1175 874; x_wconf 88' lang='lat' dir='ltr'>donec</span> <span class='ocrx_word' id='word_1_42' title='bbox 1202 812 1317 887; x_wconf 90' lang='lat' dir='ltr'>timuit,</span> <span class='ocrx_word' id='word_1_43' title='bbox 1348 833 1389 874; x_wconf 87' lang='lat' dir='ltr'>ne</span> <span class='ocrx_word' id='word_1_44' title='bbox 1413 814 1522 893; x_wconf 90' lang='lat' dir='ltr'>etipse</span> 
     </span>
     <span class='ocr_line' id='line_1_6' title="bbox 282 918 1520 1000; baseline -0.001 -19"><span class='ocrx_word' id='word_1_45' title='bbox 282 927 474 983; x_wconf 64' lang='lat' dir='ltr'>tuocaretur</span> <span class='ocrx_word' id='word_1_46' title='bbox 496 918 537 980; x_wconf 93' lang='lat' dir='ltr'>ad</span> <span class='ocrx_word' id='word_1_47' title='bbox 560 927 699 982; x_wconf 85' lang='lat' dir='ltr'>sortem:</span> <span class='ocrx_word' id='word_1_48' title='bbox 732 927 801 980; x_wconf 92' lang='lat' dir='ltr'>tum</span> <span class='ocrx_word' id='word_1_49' title='bbox 824 920 953 980; x_wconf 91' lang='lat' dir='ltr'>demum</span> <span class='ocrx_word' id='word_1_50' title='bbox 977 921 1101 999; x_wconf 85' lang='lat' dir='ltr'>signum</span> <span class='ocrx_word' id='word_1_51' title='bbox 1124 920 1263 1000; x_wconf 87' lang='lat' dir='ltr'>receptui</span> <span class='ocrx_word' id='word_1_52' title='bbox 1285 921 1383 982; x_wconf 91' lang='lat' dir='ltr'>dedit.</span> <span class='ocrx_word' id='word_1_53' title='bbox 1429 939 1520 980; x_wconf 90' lang='lat' dir='ltr'>serua-</span> 
     </span>
     <span class='ocr_line' id='line_1_7' title="bbox 309 1013 1522 1106; baseline -0.002 -17"><span class='ocrx_word' id='word_1_54' title='bbox 309 1026 424 1089; x_wconf 91' lang='lat' dir='ltr'>bantur</span> <span class='ocrx_word' id='word_1_55' title='bbox 446 1028 568 1089; x_wconf 90' lang='lat' dir='ltr'>interim</span> <span class='ocrx_word' id='word_1_56' title='bbox 592 1045 766 1106; x_wconf 86' lang='lat' dir='ltr'>generosae</span> <span class='ocrx_word' id='word_1_57' title='bbox 789 1025 830 1086; x_wconf 93' lang='lat' dir='ltr'>illi</span> <span class='ocrx_word' id='word_1_58' title='bbox 854 1046 929 1088; x_wconf 92' lang='lat' dir='ltr'>aues</span> <span class='ocrx_word' id='word_1_59' title='bbox 953 1035 985 1088; x_wconf 92' lang='lat' dir='ltr'>et</span> <span class='ocrx_word' id='word_1_60' title='bbox 1005 1013 1211 1088; x_wconf 86' lang='lat' dir='ltr'>instrumenta</span> <span class='ocrx_word' id='word_1_61' title='bbox 1227 1026 1391 1106; x_wconf 87' lang='lat' dir='ltr'>epularum</span> <span class='ocrx_word' id='word_1_62' title='bbox 1409 1026 1522 1087; x_wconf 88' lang='lat' dir='ltr'>camelis</span> 
     </span>
     <span class='ocr_line' id='line_1_8' title="bbox 309 1132 1522 1214; baseline -0.002 -18"><span class='ocrx_word' id='word_1_63' title='bbox 309 1133 520 1207; x_wconf 75' lang='lat' dir='ltr'>debebantur,</span> <span class='ocrx_word' id='word_1_64' title='bbox 550 1152 622 1194; x_wconf 92' lang='lat' dir='ltr'>cum</span> <span class='ocrx_word' id='word_1_65' title='bbox 651 1133 835 1194; x_wconf 88' lang='lat' dir='ltr'>sortirentur</span> <span class='ocrx_word' id='word_1_66' title='bbox 859 1132 971 1195; x_wconf 90' lang='lat' dir='ltr'>milites</span> <span class='ocrx_word' id='word_1_67' title='bbox 995 1133 1075 1205; x_wconf 91' lang='lat' dir='ltr'>eius,</span> <span class='ocrx_word' id='word_1_68' title='bbox 1106 1133 1175 1214; x_wconf 90' lang='lat' dir='ltr'>quis</span> <span class='ocrx_word' id='word_1_69' title='bbox 1199 1133 1282 1195; x_wconf 89' lang='lat' dir='ltr'>male</span> <span class='ocrx_word' id='word_1_70' title='bbox 1305 1134 1437 1214; x_wconf 90' lang='lat' dir='ltr'>periret,</span> <span class='ocrx_word' id='word_1_71' title='bbox 1463 1135 1522 1212; x_wconf 92' lang='lat' dir='ltr'>quis</span> 
     </span>
     <span class='ocr_line' id='line_1_9' title="bbox 307 1243 546 1322; baseline -0.017 -18"><span class='ocrx_word' id='word_1_72' title='bbox 307 1244 395 1322; x_wconf 89' lang='lat' dir='ltr'>peius</span> <span class='ocrx_word' id='word_1_73' title='bbox 418 1243 546 1302; x_wconf 89' lang='lat' dir='ltr'>uiueret.</span> 
     </span>
     <span class='ocr_line' id='line_1_10' title="bbox 396 1345 1544 1426; baseline -0.003 -17"><span class='ocrx_word' id='word_1_74' title='bbox 396 1347 483 1409; x_wconf 92' lang='lat' dir='ltr'>XXI.</span> <span class='ocrx_word' id='word_1_75' title='bbox 515 1346 576 1408; x_wconf 93' lang='lat' dir='ltr'>Hic</span> <span class='ocrx_word' id='word_1_76' title='bbox 604 1348 700 1408; x_wconf 89' lang='lat' dir='ltr'>iratus</span> <span class='ocrx_word' id='word_1_77' title='bbox 730 1345 786 1407; x_wconf 92' lang='lat' dir='ltr'>fuit</span> <span class='ocrx_word' id='word_1_78' title='bbox 810 1349 897 1425; x_wconf 87' lang='lat' dir='ltr'>genti</span> <span class='ocrx_word' id='word_1_79' title='bbox 920 1355 952 1407; x_wconf 91' lang='lat' dir='ltr'>et</span> <span class='ocrx_word' id='word_1_80' title='bbox 974 1349 1103 1426; x_wconf 83' lang='lat' dir='ltr'>ignotae</span> <span class='ocrx_word' id='word_1_81' title='bbox 1127 1355 1159 1407; x_wconf 89' lang='lat' dir='ltr'>et</span> <span class='ocrx_word' id='word_1_82' title='bbox 1181 1347 1356 1420; x_wconf 88' lang='lat' dir='ltr'>inmeritae,</span> <span class='ocrx_word' id='word_1_83' title='bbox 1385 1355 1544 1408; x_wconf 76' lang='lat' dir='ltr'>sensurae!</span> 
     </span>
     <span class='ocr_line' id='line_1_11' title="bbox 269 1450 1522 1534; baseline -0.003 -17"><span class='ocrx_word' id='word_1_84' title='bbox 269 1469 293 1509; x_wconf 89' lang='lat'>¹⁰</span> <span class='ocrx_word' id='word_1_85' title='bbox 306 1464 433 1517; x_wconf 90' lang='lat' dir='ltr'>tamen:</span> <span class='ocrx_word' id='word_1_86' title='bbox 468 1452 571 1532; x_wconf 90' lang='lat' dir='ltr'>Cyrus</span> <span class='ocrx_word' id='word_1_87' title='bbox 591 1452 717 1514; x_wconf 89' lang='lat' dir='ltr'>flumini.</span> <span class='ocrx_word' id='word_1_88' title='bbox 756 1473 830 1515; x_wconf 89' lang='lat' dir='ltr'>nam</span> <span class='ocrx_word' id='word_1_89' title='bbox 847 1472 918 1514; x_wconf 85' lang='lat' dir='ltr'>cum</span> <span class='ocrx_word' id='word_1_90' title='bbox 935 1452 1103 1532; x_wconf 90' lang='lat' dir='ltr'>Babylona</span> <span class='ocrx_word' id='word_1_91' title='bbox 1118 1463 1356 1534; x_wconf 87' lang='lat' dir='ltr'>oppugnaturus</span> <span class='ocrx_word' id='word_1_92' title='bbox 1372 1450 1522 1514; x_wconf 85' lang='lat' dir='ltr'>festinaret</span> 
     </span>
     <span class='ocr_line' id='line_1_12' title="bbox 307 1558 1521 1638; baseline -0.003 -14"><span class='ocrx_word' id='word_1_93' title='bbox 307 1564 348 1624; x_wconf 91' lang='lat' dir='ltr'>ad</span> <span class='ocrx_word' id='word_1_94' title='bbox 372 1559 503 1634; x_wconf 91' lang='lat' dir='ltr'>bellum,</span> <span class='ocrx_word' id='word_1_95' title='bbox 535 1560 621 1621; x_wconf 90' lang='lat' dir='ltr'>cuius</span> <span class='ocrx_word' id='word_1_96' title='bbox 645 1562 786 1621; x_wconf 87' lang='lat' dir='ltr'>maxima</span> <span class='ocrx_word' id='word_1_97' title='bbox 808 1569 973 1621; x_wconf 91' lang='lat' dir='ltr'>momenta</span> <span class='ocrx_word' id='word_1_98' title='bbox 995 1562 1025 1622; x_wconf 96' lang='lat' dir='ltr'>in</span> <span class='ocrx_word' id='word_1_99' title='bbox 1049 1561 1266 1622; x_wconf 87' lang='lat' dir='ltr'>occasionibus</span> <span class='ocrx_word' id='word_1_100' title='bbox 1288 1568 1369 1634; x_wconf 92' lang='lat' dir='ltr'>sunt,</span> <span class='ocrx_word' id='word_1_101' title='bbox 1396 1558 1521 1638; x_wconf 90' lang='lat' dir='ltr'>Gynden</span> 
     </span>
     <span class='ocr_line' id='line_1_13' title="bbox 307 1666 1521 1747; baseline -0.003 -17"><span class='ocrx_word' id='word_1_102' title='bbox 307 1667 371 1731; x_wconf 93' lang='lat' dir='ltr'>late</span> <span class='ocrx_word' id='word_1_103' title='bbox 400 1667 503 1729; x_wconf 91' lang='lat' dir='ltr'>fusum</span> <span class='ocrx_word' id='word_1_104' title='bbox 537 1686 664 1728; x_wconf 91' lang='lat' dir='ltr'>amnem</span> <span class='ocrx_word' id='word_1_105' title='bbox 688 1666 772 1728; x_wconf 88' lang='lat' dir='ltr'>uado</span> <span class='ocrx_word' id='word_1_106' title='bbox 796 1669 927 1728; x_wconf 90' lang='lat' dir='ltr'>transire</span> <span class='ocrx_word' id='word_1_107' title='bbox 949 1668 1131 1747; x_wconf 90' lang='lat' dir='ltr'>temptauit,</span> <span class='ocrx_word' id='word_1_108' title='bbox 1162 1666 1248 1747; x_wconf 93' lang='lat' dir='ltr'>quod</span> <span class='ocrx_word' id='word_1_109' title='bbox 1272 1669 1326 1728; x_wconf 88' lang='lat' dir='ltr'>uix</span> <span class='ocrx_word' id='word_1_110' title='bbox 1349 1675 1453 1728; x_wconf 92' lang='lat' dir='ltr'>tutum</span> <span class='ocrx_word' id='word_1_111' title='bbox 1475 1677 1521 1740; x_wconf 92' lang='lat' dir='ltr'>est,</span> 
     </span>
     <span class='ocr_line' id='line_1_14' title="bbox 307 1771 1545 1840; baseline -0.004 -2"><span class='ocrx_word' id='word_1_112' title='bbox 307 1779 402 1838; x_wconf 91' lang='lat' dir='ltr'>etiam</span> <span class='ocrx_word' id='word_1_113' title='bbox 426 1795 498 1836; x_wconf 90' lang='lat' dir='ltr'>cum</span> <span class='ocrx_word' id='word_1_114' title='bbox 522 1773 618 1835; x_wconf 89' lang='lat' dir='ltr'>sensit</span> <span class='ocrx_word' id='word_1_115' title='bbox 641 1781 797 1836; x_wconf 90' lang='lat' dir='ltr'>aestatem</span> <span class='ocrx_word' id='word_1_116' title='bbox 821 1775 918 1836; x_wconf 88' lang='lat' dir='ltr'>etad</span> <span class='ocrx_word' id='word_1_117' title='bbox 942 1775 1105 1836; x_wconf 89' lang='lat' dir='ltr'>minimum</span> <span class='ocrx_word' id='word_1_118' title='bbox 1130 1774 1284 1836; x_wconf 89' lang='lat' dir='ltr'>deductus</span> <span class='ocrx_word' id='word_1_119' title='bbox 1299 1781 1357 1834; x_wconf 87' lang='lat' dir='ltr'>est.</span> <span class='ocrx_word' id='word_1_120' title='bbox 1397 1771 1440 1834; x_wconf 94' lang='lat' dir='ltr'>ibi</span> <span class='ocrx_word' id='word_1_121' title='bbox 1454 1789 1545 1840; x_wconf 71' lang='lat' dir='ltr'>unust</span> 
     </span>
     <span class='ocr_line' id='line_1_15' title="bbox 307 1878 1520 1963; baseline -0.004 -19"><span class='ocrx_word' id='word_1_122' title='bbox 307 1903 349 1944; x_wconf 86' lang='lat' dir='ltr'>ex</span> <span class='ocrx_word' id='word_1_123' title='bbox 379 1884 413 1944; x_wconf 90' lang='lat' dir='ltr'>iis</span> <span class='ocrx_word' id='word_1_124' title='bbox 441 1884 543 1963; x_wconf 91' lang='lat' dir='ltr'>equis,</span> <span class='ocrx_word' id='word_1_125' title='bbox 574 1881 627 1960; x_wconf 93' lang='lat' dir='ltr'>qui</span> <span class='ocrx_word' id='word_1_126' title='bbox 657 1880 782 1942; x_wconf 91' lang='lat' dir='ltr'>trahere</span> <span class='ocrx_word' id='word_1_127' title='bbox 813 1881 933 1960; x_wconf 86' lang='lat' dir='ltr'>regium</span> <span class='ocrx_word' id='word_1_128' title='bbox 965 1901 1088 1942; x_wconf 89' lang='lat' dir='ltr'>currum</span> <span class='ocrx_word' id='word_1_129' title='bbox 1117 1879 1180 1942; x_wconf 91' lang='lat' dir='ltr'>albi</span> <span class='ocrx_word' id='word_1_130' title='bbox 1203 1878 1358 1953; x_wconf 88' lang='lat' dir='ltr'>solebant,</span> <span class='ocrx_word' id='word_1_131' title='bbox 1383 1880 1520 1960; x_wconf 89' lang='lat' dir='ltr'>abreptus</span> 
     </span>
     <span class='ocr_line' id='line_1_16' title="bbox 270 1986 1520 2069; baseline -0.004 -17"><span class='ocrx_word' id='word_1_132' title='bbox 270 2001 292 2042; x_wconf 83' lang='lat'>¹⁵</span> <span class='ocrx_word' id='word_1_133' title='bbox 307 1989 512 2052; x_wconf 89' lang='lat' dir='ltr'>uehementer</span> <span class='ocrx_word' id='word_1_134' title='bbox 535 1988 711 2049; x_wconf 91' lang='lat' dir='ltr'>commouit</span> <span class='ocrx_word' id='word_1_135' title='bbox 733 2006 862 2068; x_wconf 85' lang='lat' dir='ltr'>regem:</span> <span class='ocrx_word' id='word_1_136' title='bbox 889 1987 998 2050; x_wconf 91' lang='lat' dir='ltr'>iurauit</span> <span class='ocrx_word' id='word_1_137' title='bbox 1020 1987 1125 2069; x_wconf 90' lang='lat' dir='ltr'>itaque</span> <span class='ocrx_word' id='word_1_138' title='bbox 1145 2007 1180 2050; x_wconf 92' lang='lat' dir='ltr'>se</span> <span class='ocrx_word' id='word_1_139' title='bbox 1195 2007 1323 2049; x_wconf 91' lang='lat' dir='ltr'>amnem</span> <span class='ocrx_word' id='word_1_140' title='bbox 1343 1986 1432 2050; x_wconf 92' lang='lat' dir='ltr'>illum</span> <span class='ocrx_word' id='word_1_141' title='bbox 1452 1987 1520 2066; x_wconf 84' lang='lat' dir='ltr'>regis</span> 
     </span>
     <span class='ocr_line' id='line_1_17' title="bbox 306 2093 1518 2175; baseline -0.005 -16"><span class='ocrx_word' id='word_1_142' title='bbox 306 2097 475 2159; x_wconf 75' lang='lat' dir='ltr'>comitatus</span> <span class='ocrx_word' id='word_1_143' title='bbox 506 2093 698 2164; x_wconf 78' lang='lat' dir='ltr'>auferentem</span> <span class='ocrx_word' id='word_1_144' title='bbox 730 2114 769 2155; x_wconf 92' lang='lat' dir='ltr'>eo</span> <span class='ocrx_word' id='word_1_145' title='bbox 793 2095 1007 2169; x_wconf 90' lang='lat' dir='ltr'>redacturum,</span> <span class='ocrx_word' id='word_1_146' title='bbox 1036 2103 1071 2156; x_wconf 90' lang='lat' dir='ltr'>ut</span> <span class='ocrx_word' id='word_1_147' title='bbox 1093 2096 1216 2156; x_wconf 92' lang='lat' dir='ltr'>transiri</span> <span class='ocrx_word' id='word_1_148' title='bbox 1238 2093 1416 2175; x_wconf 88' lang='lat' dir='ltr'>calcarique</span> <span class='ocrx_word' id='word_1_149' title='bbox 1437 2095 1518 2155; x_wconf 89' lang='lat' dir='ltr'>etiarn</span> 
     </span>
     <span class='ocr_line' id='line_1_18' title="bbox 306 2200 1542 2282; baseline 0 -16"><span class='ocrx_word' id='word_1_150' title='bbox 306 2225 325 2266; x_wconf 89' lang='lat' dir='ltr'>a</span> <span class='ocrx_word' id='word_1_151' title='bbox 354 2203 475 2266; x_wconf 88' lang='lat' dir='ltr'>feminis</span> <span class='ocrx_word' id='word_1_152' title='bbox 506 2210 623 2282; x_wconf 84' lang='lat' dir='ltr'>posset</span> <span class='ocrx_word' id='word_1_153' title='bbox 669 2200 730 2262; x_wconf 86' lang='lat' dir='ltr'>huc</span> <span class='ocrx_word' id='word_1_154' title='bbox 762 2202 877 2263; x_wconf 86' lang='lat' dir='ltr'>deinde</span> <span class='ocrx_word' id='word_1_155' title='bbox 908 2221 1038 2264; x_wconf 91' lang='lat' dir='ltr'>omnem</span> <span class='ocrx_word' id='word_1_156' title='bbox 1066 2201 1222 2264; x_wconf 88' lang='lat' dir='ltr'>transtulit</span> <span class='ocrx_word' id='word_1_157' title='bbox 1245 2200 1318 2262; x_wconf 89' lang='lat' dir='ltr'>belli</span> <span class='ocrx_word' id='word_1_158' title='bbox 1342 2200 1542 2281; x_wconf 77' lang='lat' dir='ltr'>adparatuml</span> 
     </span>
     <span class='ocr_line' id='line_1_19' title="bbox 306 2307 1518 2389; baseline -0.003 -17"><span class='ocrx_word' id='word_1_159' title='bbox 306 2318 339 2372; x_wconf 92' lang='lat' dir='ltr'>et</span> <span class='ocrx_word' id='word_1_160' title='bbox 360 2311 482 2372; x_wconf 88' lang='lat' dir='ltr'>tamdiu</span> <span class='ocrx_word' id='word_1_161' title='bbox 505 2309 628 2370; x_wconf 88' lang='lat' dir='ltr'>adsedit</span> <span class='ocrx_word' id='word_1_162' title='bbox 653 2309 748 2389; x_wconf 92' lang='lat' dir='ltr'>operi,</span> <span class='ocrx_word' id='word_1_163' title='bbox 773 2309 914 2369; x_wconf 89' lang='lat' dir='ltr'>donecc</span> <span class='ocrx_word' id='word_1_164' title='bbox 935 2318 967 2370; x_wconf 92' lang='lat' dir='ltr'>et</span> <span class='ocrx_word' id='word_1_165' title='bbox 982 2322 1079 2369; x_wconf 86' lang='lat' dir='ltr'>Lxxx</span> <span class='ocrx_word' id='word_1_166' title='bbox 1095 2307 1240 2370; x_wconf 90' lang='lat' dir='ltr'>cuniculis</span> <span class='ocrx_word' id='word_1_167' title='bbox 1256 2308 1392 2370; x_wconf 92' lang='lat' dir='ltr'>diuisum</span> <span class='ocrx_word' id='word_1_168' title='bbox 1408 2307 1518 2370; x_wconf 91' lang='lat' dir='ltr'>alueum</span> 
     </span>
     <span class='ocr_line' id='line_1_20' title="bbox 305 2413 1518 2496; baseline -0.002 -19"><span class='ocrx_word' id='word_1_169' title='bbox 305 2420 336 2478; x_wconf 94' lang='lat' dir='ltr'>in</span> <span class='ocrx_word' id='word_1_170' title='bbox 359 2428 424 2477; x_wconf 87' lang='lat' dir='ltr'>CCC</span> <span class='ocrx_word' id='word_1_171' title='bbox 457 2424 490 2477; x_wconf 92' lang='lat' dir='ltr'>et</span> <span class='ocrx_word' id='word_1_172' title='bbox 512 2429 557 2476; x_wconf 86' lang='lat' dir='ltr'>Lx</span> <span class='ocrx_word' id='word_1_173' title='bbox 587 2417 671 2476; x_wconf 90' lang='lat' dir='ltr'>rivos</span> <span class='ocrx_word' id='word_1_174' title='bbox 693 2415 889 2495; x_wconf 86' lang='lat' dir='ltr'>dispergeret</span> <span class='ocrx_word' id='word_1_175' title='bbox 912 2423 945 2476; x_wconf 91' lang='lat' dir='ltr'>et</span> <span class='ocrx_word' id='word_1_176' title='bbox 967 2415 1084 2477; x_wconf 89' lang='lat' dir='ltr'>siccum</span> <span class='ocrx_word' id='word_1_177' title='bbox 1107 2413 1295 2496; x_wconf 89' lang='lat' dir='ltr'>relinqueret</span> <span class='ocrx_word' id='word_1_178' title='bbox 1318 2414 1348 2476; x_wconf 93' lang='lat' dir='ltr'>in</span> <span class='ocrx_word' id='word_1_179' title='bbox 1374 2416 1518 2478; x_wconf 89' lang='lat' dir='ltr'>diuersum</span> 
     </span>
     <span class='ocr_line' id='line_1_21' title="bbox 265 2521 1583 2611; baseline -0.001 -27"><span class='ocrx_word' id='word_1_180' title='bbox 265 2533 291 2573; x_wconf 77' lang='lat'>²⁰</span> <span class='ocrx_word' id='word_1_181' title='bbox 306 2523 473 2584; x_wconf 89' lang='lat' dir='ltr'>fluentibus</span> <span class='ocrx_word' id='word_1_182' title='bbox 496 2523 594 2602; x_wconf 89' lang='lat' dir='ltr'>aquis.</span> <span class='ocrx_word' id='word_1_183' title='bbox 639 2521 729 2600; x_wconf 90' lang='lat' dir='ltr'>periit</span> <span class='ocrx_word' id='word_1_184' title='bbox 751 2521 857 2601; x_wconf 92' lang='lat' dir='ltr'>itaque</span> <span class='ocrx_word' id='word_1_185' title='bbox 880 2529 913 2582; x_wconf 91' lang='lat' dir='ltr'>et</span> <span class='ocrx_word' id='word_1_186' title='bbox 935 2529 1070 2601; x_wconf 92' lang='lat' dir='ltr'>tempus,</span> <span class='ocrx_word' id='word_1_187' title='bbox 1095 2541 1212 2601; x_wconf 85' lang='lat' dir='ltr'>magna</span> <span class='ocrx_word' id='word_1_188' title='bbox 1236 2523 1266 2582; x_wconf 88' lang='lat' dir='ltr'>in</span> <span class='ocrx_word' id='word_1_189' title='bbox 1291 2522 1416 2602; x_wconf 84' lang='lat' dir='ltr'>magnis</span> <span class='ocrx_word' id='word_1_190' title='bbox 1439 2521 1540 2583; x_wconf 83' lang='lat' dir='ltr'>rebusl</span> <span class='ocrx_word' id='word_1_191' title='bbox 1579 2602 1583 2611; x_wconf 37' lang='grc' dir='ltr'>Ι</span> 
     </span>
     <span class='ocr_line' id='line_1_22' title="bbox 305 2626 1517 2708; baseline -0.002 -17"><span class='ocrx_word' id='word_1_192' title='bbox 305 2631 431 2703; x_wconf 89' lang='lat' dir='ltr'>iactura,</span> <span class='ocrx_word' id='word_1_193' title='bbox 455 2638 488 2690; x_wconf 89' lang='lat' dir='ltr'>et</span> <span class='ocrx_word' id='word_1_194' title='bbox 511 2627 643 2690; x_wconf 93' lang='lat' dir='ltr'>militum</span> <span class='ocrx_word' id='word_1_195' title='bbox 667 2629 771 2703; x_wconf 90' lang='lat' dir='ltr'>ardor,</span> <span class='ocrx_word' id='word_1_196' title='bbox 794 2648 889 2708; x_wconf 90' lang='lat' dir='ltr'>quem</span> <span class='ocrx_word' id='word_1_197' title='bbox 913 2626 1026 2690; x_wconf 90' lang='lat' dir='ltr'>inutilis</span> <span class='ocrx_word' id='word_1_198' title='bbox 1049 2627 1140 2690; x_wconf 89' lang='lat' dir='ltr'>labor</span> <span class='ocrx_word' id='word_1_199' title='bbox 1160 2628 1261 2708; x_wconf 85' lang='lat' dir='ltr'>fregit,</span> <span class='ocrx_word' id='word_1_200' title='bbox 1286 2637 1318 2689; x_wconf 89' lang='lat' dir='ltr'>et</span> <span class='ocrx_word' id='word_1_201' title='bbox 1334 2631 1459 2690; x_wconf 89' lang='lat' dir='ltr'>occasio</span> <span class='ocrx_word' id='word_1_202' title='bbox 1473 2630 1517 2689; x_wconf 90' lang='lat' dir='ltr'>ad-</span> 
     </span>
     <span class='ocr_line' id='line_1_23' title="bbox 305 2734 1518 2816; baseline -0.002 -18"><span class='ocrx_word' id='word_1_203' title='bbox 305 2736 469 2816; x_wconf 85' lang='lat' dir='ltr'>grediendi</span> <span class='ocrx_word' id='word_1_204' title='bbox 497 2737 671 2815; x_wconf 87' lang='lat' dir='ltr'>inparatos,</span> <span class='ocrx_word' id='word_1_205' title='bbox 703 2735 780 2796; x_wconf 93' lang='lat' dir='ltr'>dum</span> <span class='ocrx_word' id='word_1_206' title='bbox 809 2734 859 2796; x_wconf 91' lang='lat' dir='ltr'>ille</span> <span class='ocrx_word' id='word_1_207' title='bbox 882 2734 999 2798; x_wconf 92' lang='lat' dir='ltr'>bellum</span> <span class='ocrx_word' id='word_1_208' title='bbox 1023 2736 1174 2797; x_wconf 92' lang='lat' dir='ltr'>indictum</span> <span class='ocrx_word' id='word_1_209' title='bbox 1198 2735 1283 2797; x_wconf 92' lang='lat' dir='ltr'>hosti</span> <span class='ocrx_word' id='word_1_210' title='bbox 1308 2755 1382 2796; x_wconf 92' lang='lat' dir='ltr'>cum</span> <span class='ocrx_word' id='word_1_211' title='bbox 1406 2735 1518 2797; x_wconf 91' lang='lat' dir='ltr'>flumine</span> 
     </span>
     <span class='ocr_line' id='line_1_24' title="bbox 304 2841 1585 2924; baseline -0.005 -19"><span class='ocrx_word' id='word_1_212' title='bbox 304 2846 392 2924; x_wconf 85' lang='lat' dir='ltr'>gerit.</span> <span class='ocrx_word' id='word_1_213' title='bbox 431 2843 480 2905; x_wconf 93' lang='lat' dir='ltr'>hic</span> <span class='ocrx_word' id='word_1_214' title='bbox 503 2841 596 2916; x_wconf 90' lang='lat' dir='ltr'>furor,</span> <span class='ocrx_word' id='word_1_215' title='bbox 620 2842 696 2923; x_wconf 89' lang='lat' dir='ltr'>quid</span> <span class='ocrx_word' id='word_1_216' title='bbox 716 2845 799 2904; x_wconf 93' lang='lat' dir='ltr'>enim</span> <span class='ocrx_word' id='word_1_217' title='bbox 816 2841 899 2904; x_wconf 90' lang='lat' dir='ltr'>aliud</span> <span class='ocrx_word' id='word_1_218' title='bbox 916 2844 1031 2903; x_wconf 88' lang='lat' dir='ltr'>uoces?</span> <span class='ocrx_word' id='word_1_219' title='bbox 1062 2841 1231 2904; x_wconf 90' lang='lat' dir='ltr'>Romanos</span> <span class='ocrx_word' id='word_1_220' title='bbox 1246 2861 1376 2922; x_wconf 89' lang='lat' dir='ltr'>quoque</span> <span class='ocrx_word' id='word_1_221' title='bbox 1393 2843 1539 2920; x_wconf 82' lang='lat' dir='ltr'>contigitt</span> <span class='ocrx_word' id='word_1_222' title='bbox 1584 2865 1585 2868; x_wconf 40' lang='lat'>¹</span> 
     </span>
     <span class='ocr_line' id='line_1_25' title="bbox 305 2945 1517 3030; baseline -0.002 -18"><span class='ocrx_word' id='word_1_223' title='bbox 305 2949 339 3013; x_wconf 88' lang='lat' dir='ltr'>C.</span> <span class='ocrx_word' id='word_1_224' title='bbox 363 2953 446 3013; x_wconf 89' lang='lat' dir='ltr'>enim</span> <span class='ocrx_word' id='word_1_225' title='bbox 471 2945 589 3012; x_wconf 85' lang='lat' dir='ltr'>Caesar</span> <span class='ocrx_word' id='word_1_226' title='bbox 611 2947 717 3010; x_wconf 89' lang='lat' dir='ltr'>uillam</span> <span class='ocrx_word' id='word_1_227' title='bbox 740 2952 770 3010; x_wconf 94' lang='lat' dir='ltr'>in</span> <span class='ocrx_word' id='word_1_228' title='bbox 794 2947 1022 3011; x_wconf 89' lang='lat' dir='ltr'>Herculanensi</span> <span class='ocrx_word' id='word_1_229' title='bbox 1045 2948 1304 3030; x_wconf 89' lang='lat' dir='ltr'>pulcherrimam,</span> <span class='ocrx_word' id='word_1_230' title='bbox 1334 2950 1410 3029; x_wconf 87' lang='lat' dir='ltr'>quia</span> <span class='ocrx_word' id='word_1_231' title='bbox 1432 2959 1517 3010; x_wconf 87' lang='lat' dir='ltr'>mater</span> 
     </span>
     <span class='ocr_line' id='line_1_26' title="bbox 181 3049 1583 3138; baseline -0.003 -20"><span class='ocrx_word' id='word_1_232' title='bbox 181 3049 188 3064; x_wconf 81' lang='grc'><strong>’</strong></span> <span class='ocrx_word' id='word_1_233' title='bbox 263 3069 288 3107; x_wconf 72' lang='lat'>25</span> <span class='ocrx_word' id='word_1_234' title='bbox 302 3077 359 3119; x_wconf 91' lang='lat' dir='ltr'>sua</span> <span class='ocrx_word' id='word_1_235' title='bbox 386 3055 555 3138; x_wconf 90' lang='lat' dir='ltr'>aliquando</span> <span class='ocrx_word' id='word_1_236' title='bbox 585 3058 616 3117; x_wconf 93' lang='lat' dir='ltr'>in</span> <span class='ocrx_word' id='word_1_237' title='bbox 646 3054 697 3118; x_wconf 91' lang='lat' dir='ltr'>illa</span> <span class='ocrx_word' id='word_1_238' title='bbox 721 3057 879 3118; x_wconf 90' lang='lat' dir='ltr'>custodita</span> <span class='ocrx_word' id='word_1_239' title='bbox 902 3065 985 3130; x_wconf 89' lang='lat' dir='ltr'>erat,</span> <span class='ocrx_word' id='word_1_240' title='bbox 1018 3057 1110 3117; x_wconf 91' lang='lat' dir='ltr'>diruit</span> <span class='ocrx_word' id='word_1_241' title='bbox 1138 3054 1274 3138; x_wconf 90' lang='lat' dir='ltr'>fecitque</span> <span class='ocrx_word' id='word_1_242' title='bbox 1298 3058 1364 3118; x_wconf 89' lang='lat' dir='ltr'>eius</span> <span class='ocrx_word' id='word_1_243' title='bbox 1387 3076 1444 3137; x_wconf 91' lang='lat' dir='ltr'>per</span> <span class='ocrx_word' id='word_1_244' title='bbox 1468 3057 1516 3116; x_wconf 88' lang='lat' dir='ltr'>boc</span> <span class='ocrx_word' id='word_1_245' title='bbox 1582 3075 1583 3082; x_wconf 49' lang='lat'>¹</span> 
     </span>
     <span class='ocr_line' id='line_1_27' title="bbox 302 3154 1582 3242; baseline -0.002 -19"><span class='ocrx_word' id='word_1_246' title='bbox 302 3162 478 3224; x_wconf 91' lang='lat' dir='ltr'>notabilem</span> <span class='ocrx_word' id='word_1_247' title='bbox 501 3161 669 3224; x_wconf 92' lang='lat' dir='ltr'>fortunam.</span> <span class='ocrx_word' id='word_1_248' title='bbox 714 3170 852 3224; x_wconf 89' lang='lat' dir='ltr'>stantem</span> <span class='ocrx_word' id='word_1_249' title='bbox 876 3165 959 3224; x_wconf 91' lang='lat' dir='ltr'>enim</span> <span class='ocrx_word' id='word_1_250' title='bbox 984 3162 1301 3242; x_wconf 85' lang='lat' dir='ltr'>praenauigabamus,</span> <span class='ocrx_word' id='word_1_251' title='bbox 1333 3183 1417 3224; x_wconf 92' lang='lat' dir='ltr'>nunc</span> <span class='ocrx_word' id='word_1_252' title='bbox 1439 3181 1515 3224; x_wconf 87' lang='lat' dir='ltr'>causa</span> <span class='ocrx_word' id='word_1_253' title='bbox 1580 3154 1582 3190; x_wconf 64' lang='lat'>³</span> 
     </span>
     <span class='ocr_line' id='line_1_28' title="bbox 302 3263 1581 3356; baseline -0.002 -25"><span class='ocrx_word' id='word_1_254' title='bbox 302 3271 424 3332; x_wconf 89' lang='lat' dir='ltr'>dirutae</span> <span class='ocrx_word' id='word_1_255' title='bbox 447 3271 613 3350; x_wconf 91' lang='lat' dir='ltr'>quaeritur.</span> <span class='ocrx_word' id='word_1_256' title='bbox 1451 3340 1459 3356; x_wconf 25' lang='lat' dir='ltr'>x</span> <span class='ocrx_word' id='word_1_257' title='bbox 1580 3263 1581 3274; x_wconf 70' lang='grc'>’</span> 
     </span>
     <span class='ocr_line' id='line_1_29' title="bbox 385 3375 1579 3457; baseline -0.003 -19"><span class='ocrx_word' id='word_1_258' title='bbox 385 3375 485 3438; x_wconf 90' lang='lat' dir='ltr'><strong>XXII.</strong></span> <span class='ocrx_word' id='word_1_259' title='bbox 502 3376 545 3438; x_wconf 90' lang='lat' dir='ltr'>Et</span> <span class='ocrx_word' id='word_1_260' title='bbox 560 3376 641 3440; x_wconf 88' lang='lat' dir='ltr'>baec</span> <span class='ocrx_word' id='word_1_261' title='bbox 656 3377 827 3456; x_wconf 84' lang='lat' dir='ltr'>cogitanda</span> <span class='ocrx_word' id='word_1_262' title='bbox 842 3386 914 3438; x_wconf 92' lang='lat' dir='ltr'>sunt</span> <span class='ocrx_word' id='word_1_263' title='bbox 926 3375 1083 3457; x_wconf 89' lang='lat' dir='ltr'>exempla,</span> <span class='ocrx_word' id='word_1_264' title='bbox 1100 3396 1182 3457; x_wconf 91' lang='lat' dir='ltr'>quae</span> <span class='ocrx_word' id='word_1_265' title='bbox 1196 3379 1284 3451; x_wconf 70' lang='lat' dir='ltr'>uites</span> <span class='ocrx_word' id='word_1_266' title='bbox 1301 3385 1335 3438; x_wconf 91' lang='lat' dir='ltr'>et</span> <span class='ocrx_word' id='word_1_267' title='bbox 1350 3376 1470 3439; x_wconf 91' lang='lat' dir='ltr'>illorum</span> <span class='ocrx_word' id='word_1_268' title='bbox 1484 3383 1533 3435; x_wconf 83' lang='lat' dir='ltr'>cxl</span> <span class='ocrx_word' id='word_1_269' title='bbox 1578 3387 1579 3406; x_wconf 63' lang='lat'>³</span> 
     </span>
     <span class='ocr_line' id='line_1_30' title="bbox 302 3483 1578 3565; baseline -0.002 -21"><span class='ocrx_word' id='word_1_270' title='bbox 302 3485 470 3556; x_wconf 87' lang='lat' dir='ltr'>contrari0,</span> <span class='ocrx_word' id='word_1_271' title='bbox 493 3504 575 3565; x_wconf 91' lang='lat' dir='ltr'>quae</span> <span class='ocrx_word' id='word_1_272' title='bbox 590 3486 737 3564; x_wconf 73' lang='lat' dir='ltr'>sequaris</span> <span class='ocrx_word' id='word_1_273' title='bbox 762 3485 937 3558; x_wconf 83' lang='lat' dir='ltr'>moderata,</span> <span class='ocrx_word' id='word_1_274' title='bbox 961 3483 1050 3558; x_wconf 91' lang='lat' dir='ltr'>lenia,</span> <span class='ocrx_word' id='word_1_275' title='bbox 1073 3484 1186 3564; x_wconf 91' lang='lat' dir='ltr'>quibus</span> <span class='ocrx_word' id='word_1_276' title='bbox 1202 3504 1261 3545; x_wconf 88' lang='lat' dir='ltr'>nec</span> <span class='ocrx_word' id='word_1_277' title='bbox 1276 3485 1318 3545; x_wconf 92' lang='lat' dir='ltr'>ad</span> <span class='ocrx_word' id='word_1_278' title='bbox 1334 3485 1513 3546; x_wconf 88' lang='lat' dir='ltr'>irascendum</span> <span class='ocrx_word' id='word_1_279' title='bbox 1574 3487 1578 3514; x_wconf 64' lang='lat'><em>⁴</em></span> 
     </span>
     <span class='ocr_line' id='line_1_31' title="bbox 263 3585 1577 3671; baseline -0.003 -19"><span class='ocrx_word' id='word_1_280' title='bbox 263 3603 288 3642; x_wconf 83' lang='lat'>³0</span> <span class='ocrx_word' id='word_1_281' title='bbox 303 3610 398 3652; x_wconf 90' lang='lat' dir='ltr'>causa</span> <span class='ocrx_word' id='word_1_282' title='bbox 427 3589 525 3653; x_wconf 91' lang='lat' dir='ltr'>defuit</span> <span class='ocrx_word' id='word_1_283' title='bbox 549 3610 608 3654; x_wconf 90' lang='lat' dir='ltr'>nec</span> <span class='ocrx_word' id='word_1_284' title='bbox 630 3589 672 3653; x_wconf 91' lang='lat' dir='ltr'>ad</span> <span class='ocrx_word' id='word_1_285' title='bbox 695 3590 908 3652; x_wconf 87' lang='lat' dir='ltr'>ulciscendum</span> <span class='ocrx_word' id='word_1_286' title='bbox 932 3600 1084 3671; x_wconf 89' lang='lat' dir='ltr'>potestas.</span> <span class='ocrx_word' id='word_1_287' title='bbox 1130 3591 1206 3671; x_wconf 90' lang='lat' dir='ltr'>quid</span> <span class='ocrx_word' id='word_1_288' title='bbox 1231 3592 1313 3652; x_wconf 89' lang='lat' dir='ltr'>enim</span> <span class='ocrx_word' id='word_1_289' title='bbox 1337 3590 1453 3655; x_wconf 91' lang='lat' dir='ltr'>facilius</span> <span class='ocrx_word' id='word_1_290' title='bbox 1473 3590 1535 3651; x_wconf 69' lang='lat' dir='ltr'>fuit?</span> <span class='ocrx_word' id='word_1_291' title='bbox 1575 3585 1577 3620; x_wconf 62' lang='lat' dir='ltr'>l</span> 
     </span>
     <span class='ocr_line' id='line_1_32' title="bbox 301 3696 1513 3781; baseline -0.002 -23"><span class='ocrx_word' id='word_1_292' title='bbox 301 3696 469 3776; x_wconf 85' lang='lat' dir='ltr'>Antigono</span> <span class='ocrx_word' id='word_1_293' title='bbox 499 3719 596 3778; x_wconf 92' lang='lat' dir='ltr'>quam</span> <span class='ocrx_word' id='word_1_294' title='bbox 628 3701 710 3760; x_wconf 91' lang='lat' dir='ltr'>duos</span> <span class='ocrx_word' id='word_1_295' title='bbox 743 3698 953 3781; x_wconf 87' lang='lat' dir='ltr'>manipulares</span> <span class='ocrx_word' id='word_1_296' title='bbox 984 3700 1056 3760; x_wconf 93' lang='lat' dir='ltr'>duci</span> <span class='ocrx_word' id='word_1_297' title='bbox 1085 3699 1207 3772; x_wconf 88' lang='lat' dir='ltr'>iubere,</span> <span class='ocrx_word' id='word_1_298' title='bbox 1239 3700 1292 3779; x_wconf 93' lang='lat' dir='ltr'>qui</span> <span class='ocrx_word' id='word_1_299' title='bbox 1314 3699 1513 3762; x_wconf 87' lang='lat' dir='ltr'>incumbentes</span> 
     </span>
    </p>
   </div>
   <div class='ocr_carea' id='block_1_3' title="bbox 306 3859 518 3867">
    <p class='ocr_par' dir='ltr' id='par_1_3' title="bbox 306 3859 518 3867">
     <span class='ocr_line' id='line_1_33' title="bbox 306 3859 518 3867; baseline 0 0"><span class='ocrx_word' id='word_1_300' title='bbox 306 3859 518 3867; x_wconf 41' lang='lat' dir='ltr'>*a*</span> 
     </span>
    </p>
   </div>
   <div class='ocr_carea' id='block_1_4' title="bbox 302 3940 1510 4032">
    <p class='ocr_par' dir='ltr' id='par_1_4' title="bbox 302 3940 1510 4032">
     <span class='ocr_line' id='line_1_34' title="bbox 302 3940 1510 4032; baseline -0.002 -16"><span class='ocrx_word' id='word_1_301' title='bbox 302 3965 430 4016; x_wconf 83' lang='lat' dir='ltr'>‘lherbae</span> <span class='ocrx_word' id='word_1_302' title='bbox 455 3962 527 4018; x_wconf 77' lang='lat' dir='ltr'>dett:</span> <span class='ocrx_word' id='word_1_303' title='bbox 555 3940 656 4015; x_wconf 67' lang='lat' dir='ltr'>berhal*</span> <span class='ocrx_word' id='word_1_304' title='bbox 746 3965 885 4014; x_wconf 87' lang='lat' dir='ltr'>defecerunt</span> <span class='ocrx_word' id='word_1_305' title='bbox 906 3962 1003 4017; x_wconf 75' lang='lat' dir='ltr'>Gertz:</span> <span class='ocrx_word' id='word_1_306' title='bbox 1025 3964 1164 4014; x_wconf 86' lang='lat' dir='ltr'>defecerant</span> <span class='ocrx_word' id='word_1_307' title='bbox 1266 3962 1337 4015; x_wconf 82' lang='lat' dir='ltr'>Gilli</span> <span class='ocrx_word' id='word_1_308' title='bbox 1357 3981 1415 4015; x_wconf 86' lang='lat' dir='ltr'>aues</span> <span class='ocrx_word' id='word_1_309' title='bbox 1432 3960 1510 4032; x_wconf 58' lang='lat' dir='ltr'>sculpo:</span> 
     </span>
    </p>
   </div>
   <div class='ocr_carea' id='block_1_5' title="bbox 301 4069 1510 4136">
    <p class='ocr_par' dir='ltr' id='par_1_5' title="bbox 301 4069 1510 4136">
     <span class='ocr_line' id='line_1_35' title="bbox 301 4069 1510 4136; baseline -0.004 -17"><span class='ocrx_word' id='word_1_310' title='bbox 301 4072 348 4121; x_wconf 89' lang='lat' dir='ltr'>illis</span> <span class='ocrx_word' id='word_1_311' title='bbox 368 4089 426 4122; x_wconf 92' lang='lat' dir='ltr'>oues</span> <span class='ocrx_word' id='word_1_312' title='bbox 547 4071 689 4136; x_wconf 63' lang='lat' dir='ltr'>lisensurbe</span> <span class='ocrx_word' id='word_1_313' title='bbox 798 4073 826 4122; x_wconf 91' lang='grc'>11</span> <span class='ocrx_word' id='word_1_314' title='bbox 850 4072 965 4136; x_wconf 87' lang='lat' dir='ltr'>Gyndem</span> <span class='ocrx_word' id='word_1_315' title='bbox 985 4069 1039 4124; x_wconf 63' lang='lat' dir='ltr'>E&#39;:</span> <span class='ocrx_word' id='word_1_316' title='bbox 1060 4087 1151 4135; x_wconf 85' lang='lat' dir='ltr'>gygem</span> <span class='ocrx_word' id='word_1_317' title='bbox 1263 4070 1296 4125; x_wconf 78' lang='grc'>17</span> <span class='ocrx_word' id='word_1_318' title='bbox 1316 4073 1363 4121; x_wconf 90' lang='lat' dir='ltr'>buc</span> <span class='ocrx_word' id='word_1_319' title='bbox 1383 4069 1458 4125; x_wconf 70' lang='lat' dir='ltr'>delb:</span> <span class='ocrx_word' id='word_1_320' title='bbox 1476 4071 1510 4117; x_wconf 88' lang='lat' dir='ltr'>boc</span> 
     </span>
    </p>
   </div>
   <div class='ocr_carea' id='block_1_6' title="bbox 373 4159 1424 4270">
    <p class='ocr_par' dir='ltr' id='par_1_6' title="bbox 373 4159 1424 4270">
     <span class='ocr_line' id='line_1_36' title="bbox 414 4159 1424 4230; baseline 0.003 -20"><span class='ocrx_word' id='word_1_321' title='bbox 414 4169 559 4227; x_wconf 84' lang='lat' dir='ltr'>apparatum</span> <span class='ocrx_word' id='word_1_322' title='bbox 682 4159 714 4212; x_wconf 84' lang='lat'>18</span> <span class='ocrx_word' id='word_1_323' title='bbox 740 4162 830 4209; x_wconf 88' lang='lat' dir='ltr'>assedit</span> <span class='ocrx_word' id='word_1_324' title='bbox 945 4160 976 4211; x_wconf 80' lang='lat'>‘21</span> <span class='ocrx_word' id='word_1_325' title='bbox 1005 4161 1167 4224; x_wconf 86' lang='lat' dir='ltr'>aggrediendi</span> <span class='ocrx_word' id='word_1_326' title='bbox 1194 4159 1284 4230; x_wconf 73' lang='lat' dir='ltr'>(prior</span> <span class='ocrx_word' id='word_1_327' title='bbox 1302 4178 1320 4225; x_wconf 85' lang='lat' dir='ltr'>g</span> <span class='ocrx_word' id='word_1_328' title='bbox 1339 4161 1424 4227; x_wconf 82' lang='lat' dir='ltr'>corr.)</span> 
     </span>
     <span class='ocr_line' id='line_1_37' title="bbox 373 4243 386 4270; baseline 0 0"><span class='ocrx_word' id='word_1_329' title='bbox 373 4243 386 4270; x_wconf 85' lang='lat' dir='ltr'>u</span> 
     </span>
    </p>
   </div>
   <div class='ocr_carea' id='block_1_7' title="bbox 285 4272 1506 4530">
    <p class='ocr_par' dir='ltr' id='par_1_7' title="bbox 285 4272 1506 4530">
     <span class='ocr_line' id='line_1_38' title="bbox 300 4272 1505 4352; baseline -0.008 -13"><span class='ocrx_word' id='word_1_330' title='bbox 300 4286 335 4339; x_wconf 83' lang='lat'>22</span> <span class='ocrx_word' id='word_1_331' title='bbox 353 4288 452 4352; x_wconf 68' lang='lat' dir='ltr'>flamine</span> <span class='ocrx_word' id='word_1_332' title='bbox 536 4285 570 4338; x_wconf 77' lang='lat'>24</span> <span class='ocrx_word' id='word_1_333' title='bbox 591 4272 622 4339; x_wconf 72' lang='lat' dir='ltr'>G.</span> <span class='ocrx_word' id='word_1_334' title='bbox 710 4283 745 4337; x_wconf 80' lang='lat'>28</span> <span class='ocrx_word' id='word_1_335' title='bbox 764 4285 806 4334; x_wconf 86' lang='lat' dir='ltr'>illa</span> <span class='ocrx_word' id='word_1_336' title='bbox 825 4285 851 4349; x_wconf 82' lang='lat' dir='ltr'>(a</span> <span class='ocrx_word' id='word_1_337' title='bbox 869 4284 897 4336; x_wconf 77' lang='lat' dir='ltr'>tia</span> <span class='ocrx_word' id='word_1_338' title='bbox 916 4286 983 4349; x_wconf 80' lang='lat' dir='ltr'>rar.)</span> <span class='ocrx_word' id='word_1_339' title='bbox 1003 4301 1032 4333; x_wconf 88' lang='lat' dir='ltr'>ex</span> <span class='ocrx_word' id='word_1_340' title='bbox 1051 4282 1111 4336; x_wconf 84' lang='lat' dir='ltr'>cod.</span> <span class='ocrx_word' id='word_1_341' title='bbox 1132 4285 1229 4334; x_wconf 88' lang='lat' dir='ltr'>illorum</span> <span class='ocrx_word' id='word_1_342' title='bbox 1249 4302 1278 4334; x_wconf 87' lang='lat' dir='ltr'>ex</span> <span class='ocrx_word' id='word_1_343' title='bbox 1297 4282 1382 4351; x_wconf 80' lang='lat' dir='ltr'>Koch,</span> <span class='ocrx_word' id='word_1_344' title='bbox 1402 4280 1505 4352; x_wconf 82' lang='lat' dir='ltr'>qnoniam</span> 
     </span>
     <span class='ocr_line' id='line_1_39' title="bbox 285 4371 1506 4446; baseline -0.007 -22"><span class='ocrx_word' id='word_1_345' title='bbox 285 4376 388 4446; x_wconf 79' lang='lat' dir='ltr'>=quibus</span> <span class='ocrx_word' id='word_1_346' title='bbox 412 4373 451 4429; x_wconf 87' lang='lat' dir='ltr'>ad</span> <span class='ocrx_word' id='word_1_347' title='bbox 468 4373 595 4444; x_wconf 80' lang='lat' dir='ltr'>exemplu</span> <span class='ocrx_word' id='word_1_348' title='bbox 621 4371 727 4440; x_wconf 80' lang='lat' dir='ltr'>referri</span> <span class='ocrx_word' id='word_1_349' title='bbox 749 4373 856 4441; x_wconf 84' lang='lat' dir='ltr'>nequit:</span> <span class='ocrx_word' id='word_1_350' title='bbox 884 4372 920 4440; x_wconf 85' lang='lat' dir='ltr'>cf.</span> <span class='ocrx_word' id='word_1_351' title='bbox 940 4372 974 4425; x_wconf 80' lang='lat' dir='ltr'>de</span> <span class='ocrx_word' id='word_1_352' title='bbox 994 4377 1084 4441; x_wconf 83' lang='lat' dir='ltr'>tranq.</span> <span class='ocrx_word' id='word_1_353' title='bbox 1104 4373 1189 4425; x_wconf 80' lang='lat' dir='ltr'>animi</span> <span class='ocrx_word' id='word_1_354' title='bbox 1205 4377 1229 4437; x_wconf 79' lang='lat'>2,</span> <span class='ocrx_word' id='word_1_355' title='bbox 1253 4377 1263 4425; x_wconf 91' lang='lat' dir='ltr'>t</span> <span class='ocrx_word' id='word_1_356' title='bbox 1291 4390 1336 4423; x_wconf 87' lang='lat' dir='ltr'>nec</span> <span class='ocrx_word' id='word_1_357' title='bbox 1361 4374 1404 4421; x_wconf 89' lang='lat' dir='ltr'>ulli</span> <span class='ocrx_word' id='word_1_358' title='bbox 1429 4371 1506 4436; x_wconf 80' lang='lat' dir='ltr'>propius</span> 
     </span>
     <span class='ocr_line' id='line_1_40' title="bbox 301 4465 1142 4530; baseline 0.001 -18"><span class='ocrx_word' id='word_1_359' title='bbox 301 4465 453 4512; x_wconf 88' lang='lat' dir='ltr'>admouerim</span> <span class='ocrx_word' id='word_1_360' title='bbox 474 4467 586 4529; x_wconf 84' lang='lat' dir='ltr'>exemplo</span> <span class='ocrx_word' id='word_1_361' title='bbox 606 4481 682 4530; x_wconf 87' lang='lat' dir='ltr'>quarn</span> <span class='ocrx_word' id='word_1_362' title='bbox 702 4481 786 4513; x_wconf 89' lang='lat' dir='ltr'>eorum</span> <span class='ocrx_word' id='word_1_363' title='bbox 1140 4473 1142 4476; x_wconf 85' lang='lat'>&#39;</span> 
     </span>
    </p>
   </div>
   <div class='ocr_carea' id='block_1_8' title="bbox 0 0 1610 5326">
    <p class='ocr_par' dir='ltr' id='par_1_8' title="bbox 0 0 1610 5326">
     <span class='ocr_line' id='line_1_41' title="bbox 0 0 1610 5326; baseline 0 4"><span class='ocrx_word' id='word_1_364' title='bbox 0 0 1610 5326; x_wconf 95' lang='lat' dir='ltr'> </span> 
     </span>
    </p>
   </div>
  </div>
 </body>
</html>
