3184 5318
312 291 392 336 DIAL.
403 291 450 334 VII.
479 292 522 334 Ab
537 292 715 335 GALLIONEM
730 293 771 334 DE
785 293 857 335 VITA
872 293 978 338 ΒΕΛΤΛ.
1008 295 1042 340 tt.
1057 297 1091 340 ts.
1256 303 1315 368 183

15 451 16 456 ’
103 439 241 524 quidquid
272 438 415 514 incurrit,
447 437 531 502 malo
555 460 613 502 suo
638 439 701 504 uim
724 459 813 504 suam
839 449 973 504 exercet
1021 441 1155 524 proinde
1178 443 1318 526 quaerite

15 589 17 624 ,
102 547 223 629 aliquam
248 546 378 611 mollem
403 547 632 630 cedentemque
649 549 823 624 materiam,
849 550 879 610 in
894 569 958 630 qua
973 547 1037 612 tela
1052 558 1157 614 uestra
1172 550 1315 632 figantur.

16 637 17 700 ἶ
76 654 182 722 luobis
204 663 309 718 autem
334 663 425 718 uacat
448 652 548 718 aliena
571 655 700 718 scrutari
724 653 807 718 mala
830 663 862 718 et
886 657 1056 720 sententias
1080 655 1159 720 terre
1183 658 1223 722 de
1238 680 1316 741 quo·

16 799 17 802 =
102 764 205 844 quam?
248 781 346 843 quare
381 761 432 824 hic
462 760 670 844 philosophus
700 761 801 826 laxius
833 760 969 838 habitat,
1001 783 1097 844 quare
1127 765 1177 826 hic
1207 765 1319 830 lautius

102 872 200 932 cenat?
246 868 378 954 papulas
402 869 578 934 obseruatis
602 869 730 945 alienas,
760 871 853 934 obsiti
876 870 1016 954 plurimis
1040 869 1215 936 ulceribus?
1256 873 1345 937 hoca

63 963 64 970 ἵ
100 977 154 1039 tale
176 985 223 1038 est
246 975 337 1058 quale
360 977 386 1038 si
402 977 469 1058 quis
485 975 765 1058 pulcherrimorum
784 995 953 1060 corporum
969 998 1087 1040 naeuos
1105 987 1158 1042 aut
1174 1000 1319 1044 uerrucas

75 1085 247 1159 aderideat,
279 1103 374 1164 quem
406 1081 500 1146 toeda
530 1083 652 1148 scabies
681 1085 867 1166 depascitur.
914 1084 1029 1148 obicite
1060 1084 1199 1162 Platoni,
1230 1090 1318 1168 quod

16 1233 17 1236 ,
101 1185 211 1272 petlerit
242 1191 423 1272 pecuniam,
455 1189 633 1268 Aristoteli,
665 1193 754 1273 quod
785 1193 957 1272 acceperit,
989 1191 1192 1269 Democrito,
1231 1196 1319 1276 quod

101 1296 279 1378 neglexerit,
303 1297 455 1380 Epicur0,
480 1298 568 1380 quod
592 1299 831 1380 consumpserit.
878 1296 953 1361 mihi
977 1299 1034 1382 ipsi
1058 1298 1260 1363 Alcibiadem
1286 1310 1318 1364 et

101 1403 266 1467 Phaedrum
290 1401 456 1470 obiectate.
492 1424 513 1467 o
538 1425 595 1468 uos
618 1425 676 1468 usu
692 1408 832 1468 maxime
849 1404 960 1480 felices,
985 1427 1057 1469 cum
1074 1407 1210 1488 primum
1227 1408 1317 1470 uobis
1336 1419 1357 1458 ¹⁰

75 1505 199 1577 limitari
230 1511 303 1575 uitia
333 1521 442 1574 nostra
472 1511 657 1594 contigerit!
699 1512 772 1594 quin
803 1512 908 1595 potius
940 1511 1024 1576 mala
1055 1521 1159 1576 uestra
1186 1509 1315 1577 circurn-

17 1631 18 1640 ’
100 1619 212 1700 spicitis‚
236 1637 318 1700 quae
342 1638 399 1681 uos
423 1618 464 1682 ab
488 1619 575 1681 omni
597 1626 688 1701 parte
712 1617 906 1695 confodiunt,
931 1617 991 1682 alia
1007 1620 1182 1700 grassantia
1198 1621 1316 1684 extrin-

100 1745 190 1800 secus,
213 1724 273 1789 alia
294 1725 325 1788 in
350 1725 519 1790 uisceribus
542 1725 615 1807 ipsis
639 1725 800 1788 ardentia?
840 1746 904 1788 non
928 1746 968 1788 eo
990 1725 1062 1788 loco
1087 1747 1136 1790 res
1159 1725 1317 1791 humanae

17 1881 18 1910 3
100 1841 176 1908 sunt,
207 1834 330 1897 etiamsi
353 1841 470 1897 statum
495 1841 636 1896 uestrum
659 1852 771 1915 parum
796 1833 911 1908 nostin,
943 1841 977 1896 ut
1001 1832 1091 1898 uobis
1114 1841 1238 1918 tantum
1263 1835 1318 1899 otii

100 1940 227 2020 supersit,
252 1947 287 2002 ut
311 1940 341 2012 in
364 1939 482 2024 probra
506 1937 670 2003 meliorum
695 1939 813 2022 agitare
837 1938 976 2022 linguam
1002 1950 1100 2004 uacet.
1333 1955 1357 1994 ¹⁵

178 2045 327 2110 XXVIII.
359 2045 432 2112 Hoc
456 2067 514 2109 uos
538 2066 602 2108 non
625 2044 803 2128 intellegitis
827 2055 858 2108 et
882 2044 1017 2110 alienum
1033 2046 1177 2110 fortunae
1194 2057 1317 2116 uestrae

55 2175 58 2182 ¹
101 2153 209 2218 uoltum
233 2155 352 2238 geritis,
375 2155 455 2218 sicut
478 2154 618 2236 plurimi,
643 2154 756 2238 quibus
779 2157 811 2218 in
835 2158 917 2218 circo
941 2164 996 2219 aut
1020 2153 1145 2219 theatro
1171 2155 1316 2218 desiden-

100 2260 174 2324 tibus
195 2263 257 2324 iam
282 2259 405 2324 funesta
429 2262 544 2324 domus
568 2271 617 2326 est
640 2283 699 2326 nec
722 2261 942 2326 adnuntiatum
967 2260 1093 2326 malum.
1133 2270 1165 2325 at
1189 2282 1251 2343 ego
1275 2282 1317 2326 ex

101 2366 156 2430 alto
177 2370 370 2450 prospiciens
394 2370 497 2443 uideo,
520 2389 602 2450 quae
625 2378 834 2451 tempestates
856 2379 911 2433 aut
926 2371 1098 2432 inmineant
1114 2369 1206 2432 uobis
1221 2368 1317 2450 paulo

100 2476 207 2538 tardius
236 2484 386 2557 rupturae
416 2475 559 2538 nimbum
591 2495 698 2552 suum,
732 2486 786 2540 aut
816 2479 878 2540 iam
911 2477 1030 2540 uicinae
1062 2497 1120 2538 uos
1152 2496 1189 2538 ac
1212 2486 1319 2540 uestra
1331 2488 1357 2528 ‘2⁰

101 2593 233 2663 rapturae
256 2569 387 2665 propius
410 2584 604 2646 accesserint.
637 2584 711 2666 quid
727 2586 844 2665 porro?
869 2603 932 2646 non
949 2603 1031 2646 nunc
1047 2603 1182 2666 quoque,
1207 2585 1316 2646 etiam-

101 2691 122 2750 si
148 2709 254 2770 parum
278 2691 416 2766 sentitis,
447 2688 541 2753 turbo
565 2691 695 2772 quidam
720 2693 842 2752 animos
866 2697 988 2754 uestros
1012 2700 1098 2754 rotat
1121 2698 1153 2751 et
1176 2688 1315 2764 inuoluit,

101 2793 241 2876 fugientes
272 2805 482 2878 petentesque
514 2799 627 2860 eadem
660 2807 692 2860 et
723 2817 806 2860 nunc
834 2797 863 2859 in
887 2795 1021 2860 sublime
1044 2795 1211 2861 adleuatos
1235 2816 1317 2860 nunc

101 2903 128 2963 in
147 2903 247 2968 infima
270 2902 412 2968 adlisos?
427 2903 565 2934 '‘lm'‘

105 3113 236 3180 lquicquid
327 3118 420 3182 querite
511 3116 526 3168 2
546 3117 646 3166 mollem
667 3130 737 3168 uitus
756 3114 936 3169 deteriorum:
959 3115 1027 3167 mole
1118 3115 1221 3166 3uacat
1235 3115 1317 3182 (inter

102 3219 113 3251 c
129 3208 179 3255 eta
196 3201 301 3274 aliquid
318 3207 438 3272 erasum)
530 3203 546 3256 I
567 3221 659 3270 „quare
747 3212 818 3256 cenat
826 3208 853 3256 ?“
873 3204 911 3258 ita
932 3202 1015 3258 Gertz
1034 3203 1209 3274 interpunxit

102 3291 197 3343 tineuos
215 3300 256 3343 aut
275 3293 314 3360 (tn
333 3291 400 3356 ras.)
491 3277 744 3364 troada'Ltprius:
765 3295 816 3344 sera
906 3291 1047 3360 8pecunit't
1066 3293 1101 3359 (m
1121 3275 1213 3362 erese)

102 3377 269 3450 llalcibiadem
289 3381 473 3452 nescioquis:
495 3384 588 3432 aliubi
608 3384 680 3433 adse
765 3382 797 3435 l0
814 3385 894 3448 pedrti
973 3397 1018 3432 uos
1030 3382 1096 3450 [usu]
1111 3379 1244 3450 Muretus,
1265 3381 1316 3436 sed

102 3467 154 3522 uide
166 3473 215 3537 ²,t
235 3473 293 3538 quin
313 3474 393 3537 potius
412 3489 503 3537 quaero
522 3473 623 3537 aliquod
636 3489 678 3523 usu
692 3474 793 3540 bonum,
811 3474 879 3538 quod
891 3473 1004 3535 sentiam,
1023 3487 1073 3522 non
1086 3473 1152 3538 quod
1166 3474 1314 3524 ostendam?

102 3553 130 3610 tte
145 3557 214 3614 treta.
233 3561 280 3615 trit.
300 3565 325 3625 4,
346 3565 360 3614 4
381 3569 405 3612 ut
424 3562 504 3624 illam,
528 3563 596 3628 quod
613 3578 657 3612 usu
674 3579 725 3612 non
744 3569 852 3627 poterat,
878 3563 1030 3626 cogitatione
1048 3539 1227 3626 priesumerem
1253 3561 1314 3616 itte.

103 3649 136 3710 le,
153 3652 184 3702 46
202 3651 283 3700 adhuc
308 3651 412 3700 aliorum
437 3651 588 3716 speciosiora
613 3653 695 3716 primo
721 3653 839 3716 adspectu
864 3652 967 3701 consilia
985 3667 1082 3715 semper
1101 3652 1168 3711 uisa,
1196 3667 1252 3700 mea
1272 3668 1314 3701 usu

103 3773 190 3824 meliora
302 3777 327 3828 ll
356 3751 412 3841 quin
505 3775 536 3828 14
560 3780 585 3826 ut
604 3772 663 3828 Et,
684 3771 707 3827 et
809 3777 880 3825 uobis
899 3782 969 3826 tantti
989 3776 1032 3825 otii
1051 3777 1129 3840 sepsit
1149 3773 1224 3842 (inde
1242 3773 1314 3840 aiii

15 3859 16 3884 ³
102 3862 178 3916 omnia
195 3863 221 3917 in
240 3880 343 3919 rasura
362 3869 478 3934 excepto
492 3863 605 3918 litteras
619 3863 721 3933 anteit)
816 3865 846 3917 Iti
866 3872 945 3929 nostre
958 3866 1026 3917 uultu
1119 3864 1151 3916 ta
1170 3870 1206 3914 est
1220 3853 1318 3930 (corr.)¹

183 3989 209 4042 19
229 3966 368 4057 prospicieii
388 3991 460 4040 uideo
475 3990 501 4055 (n
514 3986 618 4053 addita,
632 4007 642 4039 s
655 3994 685 4042 ut
697 3987 807 4044 uidetur
819 4005 853 4044 m.
864 3994 920 4061 pr.)
998 3989 1033 4042 20
1046 3991 1095 4038 iam
1110 3985 1272 4042 Pincianus:
1289 3993 1315 4042 tri

178 4079 207 4132 ‘21
234 4096 296 4130 nunc
317 4077 396 4133 dart:
417 4095 481 4128 nunc
499 4095 531 4129 ne
629 4077 661 4131 23
686 4085 848 4144 petentesq;tr
952 4079 1070 4128 alleuatos
1089 4075 1183 4146 (prior
1201 4078 1209 4126 l
1229 4079 1313 4144 corr.)

179 4167 211 4221 24
235 4169 318 4220 allisos
337 4167 431 4238 (prior
450 4168 458 4218 l
478 4167 561 4233 corr.)
586 4215 590 4224 .
