3212 5318
12 525 14 556 Ι

12 621 14 656 1

12 657 14 680 r

253 333 336 380 nme.
351 332 391 377 lx.
421 331 463 374 AD
478 329 621 376 sertem
636 331 677 374 DE
689 329 957 382 TRAuQvtLLmATs
971 327 1069 372 smmi.
1099 331 1132 374 lb.
1149 331 1181 374 ld.
1264 332 1326 396 217

12 495 14 516 ¹
100 477 269 542 hominum
301 482 431 562 negotia
461 477 618 542 simillima
647 477 740 542 initiis
770 495 839 540 esse
869 495 929 540 nec
959 475 1057 538 uitam
1079 473 1203 538 illorum
1227 473 1329 556 magis

72 594 246 656 5sanctam
279 595 333 650 aut
365 605 508 649 seueram
540 604 610 648 esse
640 603 735 666 quam
767 591 967 664 conceptum.
1014 577 1121 666 [nihilo
1144 577 1247 666 natus]
1272 579 1330 644 sed

100 695 196 756 satius
222 701 273 756 est
296 679 440 776 publicos
463 711 569 754 mores
592 701 626 754 et
649 691 787 754 humana
810 689 885 752 uitia
907 687 1031 770 placide
1054 689 1197 772 accipere
1220 709 1279 752 nec
1298 689 1330 750 in

101 799 195 862 risum
234 819 295 862 nec
325 799 356 860 in
387 797 530 862 lacrimas
562 798 772 862 excidentem.
826 815 900 860 nam
931 793 1039 860 alienis
1070 794 1160 860 malis
1190 798 1330 880 torqueri

12 927 14 984 g
101 913 232 969 aeterna
269 907 393 982 miseria
424 915 487 981 est,
523 903 630 968 alienis
660 903 809 968 delectari
839 901 929 967 malis
959 900 1106 985 uoluptas
1136 901 1324 968 inhumana:
1356 921 1368 959 ⁵

12 1049 14 1100 l
101 1013 178 1075 sicut
208 1011 263 1076 illa
293 1011 404 1076 inutilis
434 1011 612 1075 humanitas
644 1009 735 1087 flere,
766 1013 841 1092 quia·
869 1007 984 1093 aliquis·
1008 1007 1104 1073 filium
1137 1007 1264 1088 efferat,
1296 1019 1329 1075 et

72 1119 240 1187 sfrontem
264 1137 354 1184 suam
378 1118 506 1201 fingere.
552 1118 582 1180 in
605 1118 668 1181 suis
690 1137 818 1200 quoque
841 1115 931 1180 malis
951 1118 995 1180 ita
1015 1135 1126 1198 gerere
1141 1137 1176 1180 se
1192 1126 1329 1199 oportet,

13 1231 14 1234 ’
101 1235 134 1288 ut
164 1225 271 1288 dolori
302 1234 424 1290 tantum
454 1226 527 1300 des,
560 1233 712 1308 quantum
736 1225 839 1306 poscit
862 1223 958 1299 ratio,
989 1243 1053 1284 non
1075 1230 1228 1305 quantum
1252 1245 1326 1288 con-

13 1323 14 1336 ,
101 1333 246 1396 suetudo.
292 1331 433 1414 plerique
456 1332 539 1394 enim
562 1329 707 1394 lacrimas
730 1329 872 1406 fundunt,
895 1339 930 1392 ut
954 1328 1133 1404 ostendant,
1156 1337 1188 1392 et
1211 1332 1327 1394 totiens

13 1425 14 1494 Ῐ
86 1441 202 1502 'siccos
234 1437 346 1502 oculos
377 1437 513 1514 habent,
544 1437 690 1520 quotiens
713 1445 875 1519 spectator
899 1425 1022 1511 defuit,
1041 1443 1132 1518 turpe
1156 1434 1328 1503 iudicantes
1343 1448 1369 1494 ¹⁰

14 1603 15 1614 ,
101 1565 164 1608 non
188 1544 280 1621 flere,
309 1565 381 1608 cum
406 1563 519 1608 omnes
541 1543 664 1608 saciant.
710 1544 793 1606 adeo
816 1543 941 1626 penitus
964 1542 1026 1606 hoc
1048 1563 1083 1606 se
1107 1540 1225 1606 malum
1249 1542 1328 1619 fixit,

101 1673 141 1714 ex
171 1651 274 1715 aliena
296 1652 445 1734 opinione
467 1651 622 1736 pendere,
651 1660 685 1714 ut
708 1649 739 1713 in
761 1647 995 1714 simulationem
1019 1649 1114 1713 etiam
1139 1667 1187 1712 res
1210 1651 1327 1735 simpli-

101 1759 233 1834 cissima,
257 1758 359 1834 dolor,
383 1759 494 1820 ueniat.

14 1919 15 1922 ,
75 1883 82 1930 1
188 1865 279 1928 XVI.
310 1863 467 1946 Sequetur
494 1883 584 1947 pars,
614 1883 696 1946 quae
723 1862 806 1926 solet
829 1883 893 1926 non
916 1862 1063 1927 inmerito
1086 1866 1273 1929 contristare
1296 1873 1328 1928 et

100 1975 129 2035 in
160 1971 408 2034 sollicitudinem
433 1972 600 2034 adducere.
647 1969 700 2033 ubi
730 1970 888 2032 bonorum
919 1969 1023 2032 exitus
1055 1970 1128 2034 mali
1154 1969 1243 2048 sunt,
1274 1971 1327 2036 ubi
1344 1986 1368 2028 n

101 2077 250 2142 Socrates
274 2078 398 2160 cogitur
412 2077 442 2140 in
459 2097 585 2140 carcere
600 2077 689 2152 mori,
713 2074 847 2140 Rutilius
862 2075 893 2138 in
910 2075 1006 2142 exilio
1021 2078 1135 2153 uiuere,
1158 2077 1328 2160 Pompeius

101 2194 132 2248 et
155 2184 270 2248 Cicero
303 2183 466 2248 clientibus
496 2184 559 2246 suis
588 2183 741 2266 praebere
773 2182 943 2258 ceruicem,
975 2181 1057 2246 Cato
1079 2181 1145 2260 ille,
1177 2186 1327 2248 uirtutum

102 2293 171 2355 uiua
192 2293 316 2382 imago,
340 2290 524 2354 incumbens
546 2288 653 2371 gladio
677 2287 769 2351 simul
792 2290 833 2353 de
856 2308 891 2351 se
913 2309 951 2351 ac
974 2289 1016 2352 de
1038 2289 1197 2372 republica
1220 2289 1326 2374 palam

102 2397 211 2473 lacere,
227 2416 358 2460 necesse
374 2405 424 2458 est
438 2397 577 2479 torqueri
592 2404 659 2458 tam
675 2395 780 2477 iniqua
794 2396 936 2478 praemia
951 2394 1109 2460 fortunam
1125 2396 1323 2480 persoluere:

103 2513 133 2566 et
161 2504 238 2588 quid
270 2503 328 2566 sibi
358 2503 490 2586 quisque
521 2502 596 2564 boni
626 2512 749 2584 speret,
780 2521 852 2564 cum
883 2502 990 2566 uideat
1020 2502 1157 2585 pessima
1187 2503 1328 2586 optimos
1342 2520 1368 2562 u

74 2612 185 2692 2pati?
225 2611 301 2692 quid
333 2629 411 2691 ergo
443 2613 512 2672 est?
550 2608 623 2672 uide
650 2609 815 2692 quomodo
843 2610 975 2692 quisque
998 2608 1121 2673 illorum
1145 2607 1264 2686 tulerit,
1295 2619 1328 2674 et

103 2717 125 2778 si
154 2716 254 2779 fortes
277 2715 416 2791 luerunt,
448 2716 587 2798 ipsorum
611 2713 681 2778 illos
704 2715 810 2777 animo
833 2715 987 2778 desidera.
1032 2716 1058 2778 si
1081 2714 1272 2780 muliebriter
1296 2725 1328 2779 et

103 2823 212 2904 ignaue
235 2823 410 2906 perierunt,
443 2821 516 2884 nihil
540 2821 637 2905 periit.
685 2829 738 2884 aut
761 2821 848 2904 digni
871 2831 959 2898 sunt,
990 2842 1126 2905 quorum
1150 2823 1247 2886 uirtus
1270 2822 1327 2886 tibi
1434 2885 1436 2890 .

104 2929 239 3010 placeat,
270 2937 324 2992 aut
354 2929 489 3010 indigni,
517 2949 652 3011 quorum
677 2929 873 2992 desideretur
895 2929 1027 3008 ignauia.
1072 2929 1148 3010 quid
1171 2931 1254 2994 enim
1278 2940 1326 2994 est
1376 2972 1380 2978 -

103 3036 218 3117 turpius
249 3055 345 3118 quam
376 3035 402 3098 si
433 3035 565 3098 maximi
594 3035 651 3098 uiri
681 3035 811 3100 timidos
841 3034 961 3098 sortiter
991 3035 1158 3099 moriendo
1189 3034 1325 3102 faciunt?
1340 3053 1366 3096 ²⁶
1421 3095 1425 3104 .

74 3141 265 3206 3laudemus
288 3143 404 3204 totiens
428 3144 560 3224 dignum
584 3140 727 3204 laudibus
743 3150 776 3204 et
791 3143 952 3205 dieamus:
986 3150 1076 3206 tanto
1093 3141 1211 3220 fortior,
1235 3152 1326 3210 tanto

104 3246 236 3312 felicior!
263 3267 377 3311 omncs
392 3247 527 3330 effugisti
544 3269 644 3324 casus,
659 3247 800 3324 liuorem,
817 3248 975 3312 morbum.
1006 3249 1100 3312 existi
1115 3270 1156 3312 ex
1174 3252 1326 3315 custodia.

104 3373 165 3416 non
194 3362 228 3417 tu
252 3354 365 3436 dignus
388 3353 473 3417 mala
495 3353 621 3417 fortuna
644 3355 691 3417 dis
715 3354 798 3417 uisus
821 3375 871 3431 ee,
902 3356 960 3418 sed
982 3355 1144 3436 indignus,
1176 3359 1207 3420 in
1230 3379 1326 3440 quem

107 3563 123 3644 1¹
140 3565 261 3616 simillima
280 3563 340 3619 cod.
361 3565 451 3616 similis
469 3561 553 3634 uulqo
644 3563 660 3618 2
680 3566 795 3619 ,nichilo
813 3571 864 3623 nan
886 3563 946 3620 cod.
966 3562 1066 3618 titolum'
1081 3563 1150 3622 llaec
1167 3567 1253 3624 uerba
1265 3584 1325 3623 cum

105 3649 228 3708 Fislrsrto
252 3657 279 3708 et
297 3650 448 3721 Maduiqs'o,
474 3651 601 3721 quamuis
626 3649 795 3712 dubitantem
822 3657 883 3706 erat
901 3667 961 3726 eum
980 3653 1130 3708 oonicrrsm
1148 3658 1226 3708 nihilo
1245 3659 1325 3709 minus

105 3741 175 3791 satius
192 3749 225 3792 est
317 3741 407 3794 dfiliu
426 3738 494 3804 sod,
513 3755 568 3794 non
588 3740 665 3790 filiam
755 3739 911 3808 iitagerere
930 3741 968 3808 (in
982 3757 1069 3813 marq.
1082 3759 1116 3798 m.
1130 3760 1184 3800 rso.
1199 3747 1233 3796 ita
1251 3763 1325 3811 agere

105 3895 132 3930 se
150 3882 249 3949 oportet)
340 3879 456 3948 &poscit
476 3882 538 3932 ratio
557 3876 698 3935 Muretusz
718 3883 798 3948 poscit
890 3883 921 3937 11
948 3842 1000 3936 niis
1090 3885 1123 3938 15
1148 3887 1336 3942 sollicitudine.

217 3971 259 4022 ubi
278 3968 338 4026 cod.
357 3975 382 4022 ut
400 3967 496 4040 solym
522 3967 625 4024 oodin's
642 3966 755 4025 lecimus
773 3985 811 4026 ecc
824 3977 908 4042 purte
925 3972 1103 4044 sorn'quutur
1119 3991 1191 4044 quas
1208 3971 1324 4047 Maduiq

107 4072 257 4144 disputarit,
274 4075 326 4130 ssd
342 4075 424 4131 totius
442 4075 575 4132 enuntiati
591 4076 724 4132 rationem
742 4083 815 4132 recte
827 4079 977 4150 perspexit
1067 4081 1100 4135 18
1123 4068 1197 4136 re.}3.

107 4161 143 4214 20
165 4164 220 4214 boni
238 4161 329 4219 Kosls:
356 4181 419 4216 nunc
445 4163 505 4224 cod.
524 4163 576 4220 ssd
597 4181 647 4220 nes
671 4165 799 4236 temporis
823 4166 985 4238 sian'fieats'o
1008 4168 1035 4222 ἐκ
1053 4167 1125 4224 lunc
1143 4169 1231 4225 locum
1249 4169 1324 4226 eadit

107 4255 135 4302 et
154 4267 229 4321 aspre
247 4251 435 4308 desideramus
453 4252 528 4325 quod
544 4254 609 4308 uoci
624 4257 733 4321 pessima
751 4261 907 4326 opponatur
996 4257 1030 4312 22
1049 4249 1133 4310 animo
1152 4275 1212 4314 cum
1231 4258 1324 4316 codice

107 4333 233 4410 Maduipr
252 4343 346 4393 animos
359 4339 442 4413 uulqo
532 4343 566 4398 23
584 4345 656 4411 periit
669 4341 767 4415 usique
788 4346 852 4411 perit
940 4346 975 4400 27
993 4363 1079 4402 omnes
1093 4345 1189 4410 Gertz:
1210 4352 1325 4408 homines

196 4443 260 4490 casus
277 4429 441 4494 deteriorem
462 4448 544 4494 cassus
615 4431 650 4498 28
669 4434 738 4496 essed
757 4433 785 4510 (d
804 4449 876 4501 com,
895 4433 923 4492 lu
942 4435 962 4512 t)
