3208 5314
245 351 259 360 ·
278 354 338 416 166
502 347 580 392 DIAL,
590 348 640 390 VII.
670 345 903 414 nDpALLIONEM
919 347 959 390 DE
973 345 1045 388 VITA
1060 347 1166 392 bearn.
1198 351 1229 393 12.
1245 349 1277 393 18.

274 493 451 556 libidinibus
482 493 545 556 suis
575 493 782 574 patrocinium
806 492 934 576 aliquod
957 515 995 558 ac
1017 493 1239 558 uelamentum.
1285 497 1391 577 itaque
1415 497 1527 578 quoda

274 621 370 672 unum
402 600 564 662 habebant
594 602 624 662 in
656 600 746 664 malis
769 601 891 664 bonum
913 604 1066 684 perdunt,
1097 604 1248 684 peccandi
1272 604 1499 666 uerecundiam.

275 707 404 770 laudant
427 709 510 770 enim
535 729 580 784 ea,
604 709 716 790 quibus
739 709 969 773 erubescebant
992 719 1024 772 et
1047 709 1122 772 uitio
1138 709 1319 791 gloriantur.
1364 711 1500 792 ideoque

275 835 315 877 ne
335 803 499 896 resurgere
514 817 643 897 quidem
660 816 895 879 erubescendae
910 817 990 893 licet,
1010 837 1082 880 eum
1098 816 1256 880 honestus'
1266 817 1348 900 turpi
1364 817 1500 880 desidiae

249 922 382 986 utitulus
406 924 552 985 accessit:
583 923 647 986 hoc
670 933 719 986 est
741 943 796 986 cur
817 924 876 988 ista
899 923 1071 1007 uoluptatis
1093 923 1234 987 laudatio
1257 924 1433 1008 perniciosa
1456 925 1500 1000 sit,

275 1030 348 1115 quia
371 1029 506 1093 honesta
528 1040 697 1114 praecepta
719 1033 800 1094 intra
822 1030 928 1106 latent,
952 1032 1038 1114 quod
1062 1031 1243 1113 corrumpit,
1266 1039 1407 1116 apparet.

364 1137 448 1201 XIII.
493 1136 528 1198 In
559 1157 598 1199 ea
626 1138 755 1218 quidem
786 1139 853 1221 ipse
882 1139 1037 1201 sententia
1058 1159 1145 1213 sum,
1177 1139 1278 1201 inuitis
1302 1137 1365 1201 hoe
1389 1141 1528 1204 nostrisl

275 1243 478 1328 popularibus
509 1245 630 1319 dicam,
667 1255 776 1308 sancta
806 1244 977 1332 Epicurum
1009 1254 1042 1307 et
1073 1253 1158 1308 recta
1188 1246 1368 1328 praecipere
1401 1256 1451 1322 et,
1480 1248 1502 1308 si

276 1352 406 1435 propius
429 1352 613 1426 accesseris,
644 1353 761 1414 tristia:
795 1349 941 1435 uoluptas
964 1353 1048 1416 enim
1071 1351 1121 1414 illa
1144 1353 1185 1414 ad
1208 1371 1341 1434 paruum
1365 1361 1399 1415 et
1422 1353 1502 1416 exile

165 1513 171 1524 .
239 1481 262 1521 ro
275 1466 442 1521 reuocatur
465 1467 497 1520 et
520 1477 616 1541 quam
641 1479 699 1520 nos
722 1459 827 1522 uirtuti
850 1458 955 1540 legem
980 1459 1121 1534 dicimus,
1144 1439 1287 1521 camille
1303 1459 1377 1522 dicit
1394 1459 1501 1541 uolup-

276 1567 347 1628 tati:
375 1565 461 1628 iubet
483 1564 567 1627 illam
591 1585 702 1646 parere
724 1575 864 1628 naturae.
909 1587 1021 1649 parum
1050 1575 1099 1630 est
1122 1574 1228 1629 autem
1252 1566 1394 1628 luxuriae
1418 1569 1502 1648 quod

276 1681 407 1735 naturae
430 1672 505 1734 satis
528 1681 584 1734 est.
630 1673 706 1754 quid
729 1693 806 1754 ergo
830 1677 899 1735 est?
930 1672 1000 1754 [ille]
1025 1673 1164 1756 quisquis
1188 1673 1380 1736 desidiosum
1405 1674 1531 1737 otiuml
1594 1717 1595 1742 ι

277 1888 317 1949 rit
339 1894 502 1949 auctorem
526 1894 574 1960 et,
605 1907 678 1952 cum
701 1886 754 1948 illo
778 1889 864 1950 uenit
886 1886 1006 1949 blando
1030 1885 1164 1950 nomIne'
1180 1887 1342 1961 inductus,
1365 1889 1503 1970 sequitur

239 2013 263 2053 rs
276 1992 475 2075 uoluptatem
506 2013 570 2054 non
593 2013 690 2075 quam
713 1994 822 2068 audit,
848 1995 906 2055 sed
929 2014 1025 2075 quam
1049 1993 1168 2069 attulit,
1199 2003 1232 2056 et
1255 1994 1329 2056 uitia
1353 2013 1411 2056 sua
1434 2015 1501 2056 cum

278 2103 383 2182 coepit
421 2107 532 2181 putare
570 2099 682 2162 simitia
715 2103 907 2183 praeceptiS,
945 2100 1088 2181 indulget
1123 2098 1179 2163 illis
1210 2120 1275 2163 non
1306 2102 1418 2164 timide
1449 2121 1503 2163 nec

278 2208 412 2270 obscure
434 2207 616 2282 luxuriatur,
641 2207 698 2268 sed
721 2209 783 2269 iam
808 2208 881 2270 inde
903 2215 1016 2290 aperto
1040 2209 1150 2290 capite.
1182 2208 1287 2288 itaque
1311 2227 1376 2268 non
1394 2209 1501 2283 dicam,

278 2315 366 2398 quod
394 2313 537 2396 'plerique
567 2322 766 2389 nostrorum,
797 2323 917 2376 sectam
941 2313 1067 2397 Epicuri
1099 2314 1288 2396 flagitiorum
1321 2316 1502 2396 magistram

279 2442 365 2498 esse,
396 2422 454 2483 sed
484 2420 561 2483 illud
592 2422 682 2484 dico:
709 2420 793 2484 male
816 2421 916 2496 audit,
948 2418 1071 2484 infamis
1094 2430 1158 2496 est,
1190 2429 1223 2483 et
1244 2422 1400 2484 inmerito,
1446 2422 1532 2486 hoel

239 2545 265 2585 ro
279 2528 358 2590 scire
381 2531 449 2610 quis
472 2535 581 2610 potest
603 2528 660 2589 nisi
682 2529 809 2590 interius
832 2529 1009 2591 admissus?
1040 2526 1127 2591 lrons
1148 2531 1213 2591 eius
1237 2529 1305 2610 ipsa
1328 2530 1384 2591 dat
1400 2528 1502 2591 locum

279 2633 405 2697 fabulae
436 2644 469 2696 et
491 2636 533 2696 ad
557 2633 673 2696 malam
697 2655 786 2716 spem
810 2636 923 2698 inritat.
969 2634 1032 2698 hoc
1055 2634 1117 2698 tale
1141 2644 1204 2710 est,
1232 2634 1325 2716 quale
1349 2636 1395 2696 uir
1418 2636 1503 2699 fortis

280 2740 394 2804 stolam
429 2729 564 2804 indutus.
611 2751 736 2804 constat
765 2742 821 2806 tibi
851 2743 1016 2824 pudicitia,
1054 2742 1179 2806 uirilitas
1214 2741 1300 2805 salua
1331 2751 1396 2818 est,
1434 2742 1503 2805 nulli

280 2869 395 2932 eorpus
425 2833 514 2911 tuum
538 2852 620 2930 turpi
644 2849 812 2930 patientiae
835 2858 944 2924 uacat,
974 2850 1032 2912 sed
1054 2852 1085 2912 in
1110 2869 1205 2912 manu
1227 2858 1417 2932 tympanum
1441 2858 1500 2912 est:
1595 2893 1596 2946 p

280 2953 387 3017 titulus
410 2956 515 3037 itaque
538 2955 690 3018 honestus
714 2954 847 3037 eligatur
870 2967 903 3019 et
926 2957 1085 3038 inscriptio
1108 2957 1176 3038 ipsa
1200 2957 1343 3018 excitans
1359 2957 1503 3031 animum,

240 3079 266 3120 25
280 3081 363 3142 quae
393 3069 471 3137 stat,
503 3063 687 3124 inuenerunt
718 3062 798 3124 uitia.
845 3063 982 3146 quisquis
1005 3063 1047 3125 ad
1070 3063 1218 3125 uirtutem
1242 3063 1388 3138 accessit,
1420 3062 1533 3124 dediti
1595 3065 1596 3144 l

281 3188 456 3250 generosae
493 3168 606 3231 indolis
643 3170 812 3251 specimen.
865 3171 917 3252 qui
955 3169 1153 3251 uoluptatem
1191 3171 1346 3252 sequitur,
1386 3171 1505 3232 uidetur
1595 3227 1596 3236 ,

282 3275 412 3349 eneruis,
435 3274 559 3351 fractus,
583 3276 779 3356 degenerans
801 3277 919 3352 uirum,
942 3285 1149 3358 peruenturus
1171 3277 1202 3338 in
1225 3278 1343 3358 turpIa‚
1374 3278 1430 3339 nisi
1451 3276 1506 3338 ali-⁴

282 3487 298 3539 3
324 3489 433 3551 ideoq;s
541 3487 558 3539 4
581 3489 761 3538 erubescentiae
781 3485 911 3558 Madur'y:
941 3489 1106 3551 adulescenIIe
1130 3486 1190 3541 cod.
1216 3485 1255 3540 ad
1278 3487 1353 3540 illam
1377 3487 1505 3540 coniectu-

283 3591 343 3628 ram
369 3575 559 3630 stabiliendam
584 3573 677 3630 ualere
696 3581 789 3644 potest
813 3574 888 3645 quad
909 3575 994 3645 paula
1019 3583 1082 3629 ante
1107 3575 1134 3628 in
1158 3575 1281 3646 maraine
1305 3591 1388 3629 manu
1407 3580 1422 3629 1
1439 3579 1504 3643 pdut

283 3667 452 3716 erubescentia
476 3664 644 3735 adserrptam
667 3673 706 3718 est
820 3664 836 3717 7
861 3668 914 3731 ipse
941 3662 1089 3718 Gruterus:
1115 3667 1169 3732 ipsa
1276 3664 1292 3718 9
1313 3667 1417 3731 propius
1435 3663 1504 3718 dete-

284 3753 389 3807 riores:
411 3755 530 3820 propitius
622 3754 654 3806 12
674 3761 717 3806 est.
737 3755 778 3803 ille
790 3755 897 3820 quisquis
911 3752 970 3807 eod.
983 3759 1046 3824 post
1059 3753 1177 3824 spatium
1190 3753 1271 3807 trium
1281 3751 1346 3821 sere
1358 3753 1503 3807 litterarum

284 3843 325 3893 ille
343 3841 371 3894 ia
390 3856 454 3904 ras,
479 3841 554 3911 qaod
577 3843 664 3895 omitti
685 3841 783 3896 suadet
801 3840 929 3900 Fialr‘ert;
958 3847 1019 3895 erat
1043 3858 1104 3894 cum
1129 3842 1278 3895 contactam
1303 3844 1362 3906 quid
1387 3859 1443 3908 ergo
1468 3843 1504 3902 sit,

284 3933 366 3982 audite
375 3951 387 4002 ει
401 3932 509 3997 quisquis
528 3929 597 3986 conl.
618 3934 659 3994 25,
682 3934 693 3984 l
714 3933 774 3997 quid
792 3948 852 3997 ergo
870 3933 901 3981 sit
990 3932 1073 3980 audite
1172 3930 1203 3984 13
1227 3933 1306 3995 querit
1398 3931 1429 3983 14
1452 3947 1505 3980 cum

284 4018 413 4090 Madue'y:
435 4023 493 4070 dum
592 4021 622 4072 15
647 4022 798 4086 uoluptatem
817 4019 916 4091 uulgo:
935 4022 1073 4086 uoluptates
1171 4020 1202 4074 16
1228 4022 1295 4086 cepit
1391 4020 1506 4087 preceptis

387 4109 419 4162 17
443 4112 490 4160 sed
506 4112 556 4160 iam
576 4112 633 4160 inde
653 4109 750 4164 Gertz:
772 4114 846 4161 etiarn
866 4113 922 4160 inde
1024 4113 1107 4162 dicam
1127 4109 1292 4166 deteriores:
1318 4112 1402 4161 dicunt

286 4199 318 4252 19
344 4201 442 4250 infamis
461 4197 626 4252 deteriores:
648 4201 728 4249 iulans
836 4199 870 4252 20
893 4202 947 4264 quis
965 4206 1046 4264 potest
1068 4197 1237 4254 Groaottt'us:
1263 4200 1305 4264 qui
1324 4204 1404 4265 polest

284 4287 318 4341 22
338 4294 433 4339 constat
452 4284 582 4357 Madae'q:
604 4291 725 4338 constanti
815 4289 917 4339 uirilitas
938 4286 1109 4342 Gronovius:
1131 4289 1220 4339 ueritas
1323 4288 1357 4340 25
1382 4301 1441 4353 quae
1458 4289 1504 4333 stat

286 4379 427 4427 inuenerunt
445 4373 576 4447 Maeuia:
598 4394 660 4444 quae
678 4381 759 4428 statim
779 4383 894 4428 uenerunt
984 4377 1017 4430 26
1036 4379 1161 4442 specimen
1181 4375 1288 4430 Haase:
1315 4377 1420 4442 speciem

221 4499 223 4503 ,
286 4467 326 4531 qui
345 4464 441 4535 uulgo:
463 4482 509 4532 que
577 4461 633 4520 '27
652 4469 803 4532 degenerans
822 4469 900 4518 uirum
919 4463 1048 4536 Madur'q:
1070 4467 1223 4530 degenerans
1241 4467 1278 4515 uir
1297 4463 1374 4535 (posi
1391 4467 1425 4514 uir
1442 4475 1504 4522 ras,
