3212 5326
468 319 547 364 orsu.
562 319 588 364 v.
618 319 658 361 oc
673 321 724 362 nm
741 321 794 366 ua.
810 321 849 364 ru.
879 326 898 365 r.
914 327 934 366 s.
1270 330 1311 392 89

104 466 229 544 potentia
254 477 405 529 exercent
429 477 460 528 et
484 476 705 546 argumentum
730 467 839 529 uirium
865 469 1057 532 existumant
1081 472 1165 532 etin
1190 472 1312 551 magnis

104 589 223 650 magnae
255 570 400 634 fortunae
424 573 514 634 bonis
537 583 660 656 ponunt
682 582 824 653 paratam
849 573 1012 650 ultionem,
1041 595 1136 658 quam
1159 595 1225 638 non
1250 577 1310 658 [siti

104 687 216 756 potens,
259 679 359 740 immo
391 699 430 740 ne
460 678 539 740 liber
569 680 697 760 quidem
730 681 789 742 dici
820 681 920 761 possit
949 660 1014 742 irae
1044 701 1120 744 suae
1150 684 1311 764 captiuus?

78 795 89 843 ι’»
104 803 156 842 non
178 784 220 845 uis
245 787 446 859 admoneam,
470 803 534 866 quo
559 785 736 866 diligentior
759 787 890 868 quisque
915 785 954 849 sit
978 788 1099 869 etipse
1123 809 1156 850 se
1180 790 1310 850 circum-

102 889 204 968 spiciat,
228 891 288 952 alia
312 893 405 952 animi
430 891 512 952 mala
535 893 577 953 ad
600 893 755 972 pessimos
771 911 913 974 quosque
933 894 1097 973 pertinere,
1121 894 1311 956 iracundiam
1339 921 1351 958 s

102 996 181 1057 etiarn
197 998 328 1060 eruditis
344 997 522 1060 bominibus
547 1007 578 1060 et
602 999 632 1058 in
656 998 716 1060 alia
730 998 812 1060 sanis
834 999 995 1079 inrepere?
1018 1000 1101 1062 adeo
1125 1009 1159 1062 ut
1182 1001 1310 1082 quidam

101 1101 290 1182 simplicitatis
308 1105 454 1166 indicium
471 1106 663 1166 iracundiam
681 1107 784 1166 dicant
809 1115 840 1166 et
864 1105 962 1186 uolgo
980 1107 1126 1168 credatur
1149 1105 1311 1170 facillimus

100 1208 215 1289 quisque
239 1208 311 1280 huic
336 1211 502 1274 obnoxius.

79 1327 82 1374 1
175 1313 212 1376 V.
256 1315 416 1397 Quorsus,
462 1319 577 1399 inquis,
623 1317 686 1380 hoc
722 1319 876 1399 pertinet?
916 1328 950 1380 ut
989 1337 1084 1380 nemo
1123 1339 1157 1382 se
1197 1319 1310 1383 iudicet
1390 1335 1393 1344 ’

99 1431 186 1484 tutum
210 1425 252 1484 ab
277 1423 343 1498 illa,
375 1445 445 1486 cum
470 1424 556 1486 lenes
588 1443 715 1505 quoque
740 1433 849 1486 natura
873 1435 904 1486 et
927 1422 1069 1506 placidos
1093 1425 1123 1486 in
1146 1427 1308 1488 saeuitiam
1326 1445 1349 1488 to

98 1551 128 1592 ac
148 1531 325 1594 uiolentiam
351 1543 469 1592 euocet.
516 1531 788 1620 quemadmodum
822 1533 972 1592 aduersus
1002 1529 1212 1613 pestilentiam
1236 1531 1310 1594 nihil

98 1637 214 1717 prodest
248 1636 379 1700 firmitas
410 1639 551 1718 corporis
583 1647 615 1698 et
646 1636 777 1718 diligens
805 1636 990 1700 ualetudinis
1014 1657 1100 1712 cura,
1130 1639 1309 1720 promiscue

98 1745 167 1804 enim
183 1742 327 1806 inbecilla
343 1743 534 1824 robustaque
559 1744 695 1806 inuadit:
722 1745 765 1804 ita
788 1745 828 1804 ab
852 1745 897 1806 ira
920 1751 985 1806 tarn
1010 1745 1153 1825 inquietis
1170 1743 1309 1806 moribus

97 1850 253 1929 periculum
287 1858 336 1912 est
367 1870 462 1930 quam
493 1849 665 1931 conpositis
689 1859 720 1911 et
744 1849 897 1924 remissie,
928 1850 1042 1932 quibus
1066 1871 1105 1912 eo
1128 1851 1248 1932 turpior
1272 1869 1309 1913 ac

72 1956 285 2034 epericulosior
308 1965 371 2030 est,
403 1975 466 2036 quo
497 1956 566 2036 plus
599 1957 629 2018 in
660 1955 715 2018 illis
747 1964 856 2018 mutat.
909 1955 966 2020 sed
998 1977 1069 2019 cum
1101 1957 1237 2039 p'rimum
1269 1958 1347 2018 situ

97 2083 148 2123 non
171 2065 267 2138 irasci,
291 2063 464 2124 secundum
489 2063 640 2135 desinere,
664 2063 790 2125 tertium
807 2061 927 2125 alienae
942 2083 1068 2144 quoque
1090 2064 1154 2140 irae
1180 2064 1307 2138 mederi,

95 2168 184 2230 dicam
216 2170 370 2251 primum,
410 2170 682 2250 quemadmodum
714 2170 744 2230 in
775 2169 852 2230 iram
884 2189 948 2230 non
979 2170 1161 2243 incidamus,
1192 2171 1307 2232 deinde

96 2279 358 2355 quemadmodum
389 2295 447 2337 nos
477 2275 518 2337 ab
543 2275 592 2338 illa
615 2275 799 2348 liberemus,
831 2276 1000 2338 nouissime
1032 2277 1306 2357 quemadmodum

95 2381 267 2445 irascentem
292 2385 481 2446 retineamus
504 2387 727 2464 placemusque
751 2392 782 2444 et
806 2385 846 2444 ad
871 2383 1039 2445 sanitatem
1063 2384 1259 2445 reducamus.

70 2501 80 2548 :t
172 2489 219 2551 Ne
243 2491 413 2552 irascamur
435 2489 673 2571 praestabimus,
697 2491 721 2551 si
746 2490 852 2551 omnia
876 2489 948 2550 uitia
970 2491 1035 2552 irae
1058 2489 1150 2551 nobis
1173 2490 1307 2553 subinde
1320 2513 1346 2554 n

94 2597 338 2676 proposuerimus
362 2605 393 2658 et
416 2596 499 2657 illam
524 2596 605 2658 bene
628 2597 905 2658 aestimauerimus.
951 2597 1127 2658 accusanda
1150 2604 1198 2658 est
1221 2597 1306 2678 apud

94 2719 150 2774 nos,
173 2703 360 2763 damnanda.
392 2704 618 2783 perscrutanda
639 2703 703 2763 eius
720 2701 803 2764 mala
827 2711 858 2763 et
882 2703 912 2762 in
936 2703 1075 2763 medium
1091 2702 1307 2782 protrahenda

68 2802 160 2867 lsunt.
206 2820 239 2870 ut
263 2809 363 2890 qualis
385 2785 425 2871 sit
448 2817 607 2890 appareat,
640 2809 842 2890 conparanda
866 2827 937 2869 cum
961 2808 1103 2890 pessimis
1127 2817 1183 2868 est.
1232 2827 1304 2870 aua-

94 2912 151 2973 ritia
172 2915 306 2996 adquirit
330 2923 361 2976 et
385 2915 549 2990 contrahit,
578 2935 641 2996 quo
666 2915 774 2997 aliquis
798 2914 908 2976 melior
931 2922 1054 2976 utatur:
1089 2915 1132 2976 ira
1156 2915 1305 2994 inpendit,

93 3021 186 3098 paucis
216 3022 353 3102 gratuita
383 3029 439 3082 est.
485 3022 650 3082 iracundus
683 3023 830 3082 dominus
867 3029 946 3102 quot
984 3021 1014 3081 in
1053 3018 1160 3101 fugam
1196 3039 1305 3082 seruos
1319 3043 1345 3084 rs

94 3126 166 3205 egit?
204 3137 282 3208 quot
313 3129 342 3189 in
374 3105 543 3190 mortemt'
571 3137 691 3209 quanto
722 3127 791 3208 plus
822 3127 985 3190 irascendo
1025 3145 1120 3208 quam
1159 3127 1190 3188 id
1230 3135 1305 3200 erat,

76 3242 210 3314 'propter
232 3235 321 3315 quod
344 3233 550 3307 irascebatur,
574 3235 696 3295 amisit?
728 3235 773 3300 ira
795 3233 876 3314 patri
899 3232 1033 3306 luctum,
1063 3234 1176 3294 marito
1201 3233 1303 3295 diuor-

66 3338 76 3386 i
92 3338 160 3399 tium
191 3340 306 3415 attulit,
338 3341 531 3422 magistratui
563 3341 687 3414 odium,
725 3341 895 3402 candidato
926 3338 1092 3420 repulsam.
1138 3340 1232 3420 peior
1258 3347 1306 3401 est

92 3465 176 3524 quam
206 3447 342 3521 luxuria,
373 3448 522 3528 quoniam
555 3447 605 3508 illa
643 3467 699 3508 sua
738 3445 901 3527 uoluptate
939 3443 1061 3518 fruitur,
1094 3444 1172 3507 haec
1202 3445 1304 3507 alieno

92 3551 201 3614 dolore.
244 3554 337 3615 uincit
362 3553 588 3634 malignitatem
613 3563 644 3614 et
668 3554 833 3614 inuidiam:
862 3551 930 3614 illae
954 3551 1036 3612 enirn
1061 3550 1214 3612 infelicem
1238 3549 1304 3614 fieri
1319 3573 1344 3612 su

93 3657 205 3733 uolunt,
237 3660 314 3720 hacc
345 3658 455 3720 iacere.
480 3658 571 3720 'illae
602 3658 735 3721 fortuitis
767 3658 856 3720 malis
887 3657 1098 3730 delectantur,
1131 3657 1209 3718 haec
1240 3677 1305 3718 non

97 3921 101 3972 1
122 3925 252 3974 existimant
274 3923 371 3990 (alteru
391 3921 470 3990 isur't
489 3923 514 3988 u)
611 3923 626 3973 2
646 3923 676 3971 sit
694 3920 803 3976 seclusit
824 3919 915 3974 Haase
1015 3920 1029 3972 3
1050 3923 1160 3986 captiuus
1180 3919 1301 3988 Lipsius:

92 4019 169 4076 captus
255 4013 446 4066 iammoneam
466 4010 554 4082 (prior
573 4027 597 4060 m
617 4009 699 4076 corr.)
794 4010 807 4062 ’ἶ
828 4012 901 4076 uulgo
995 4011 1024 4062 Γ.)
1045 4010 1184 4059 ualitudinis
1203 4009 1304 4077 (prima

93 4100 194 4166 icorr.)
280 4102 306 4154 ll
327 4102 471 4166 compositis
559 4100 589 4152 lli
609 4101 719 4150 desinere
740 4097 907 4152 Gronout'us:
929 4100 1036 4148 detinere
1113 4097 1145 4150 21
1166 4105 1224 4162 aput

92 4185 121 4238 22
139 4189 224 4238 malas
329 4190 362 4244 '23
382 4191 552 4256 comparanda
649 4187 682 4240 ‘ll
703 4189 804 4254 acquirit
824 4188 847 4252 (c
867 4202 905 4242 εει]
925 4189 941 4236 d
960 4187 1043 4264 corr.)
1141 4185 1285 4234 contrahit*

92 4327 158 4374 quos
183 4311 243 4380 (suit
259 4313 335 4383 quod)
427 4314 540 4378 inpendit
559 4310 697 4366 Muretus:
720 4313 828 4362 incendit
914 4311 947 4364 25
966 4265 1037 4376 grifri
1057 4309 1188 4377 (sortasse
1207 4321 1240 4360 m.
1255 4323 1302 4378 pr.

93 4405 232 4467 suprascr.)
314 4403 347 4456 ‘to
369 4409 394 4456 et
412 4401 446 4454 26
465 4403 533 4467 quod
546 4417 603 4472 pro
622 4410 680 4466 quot
766 4399 799 4452 ‘28
819 4401 940 4465 repulsam
961 4401 982 4464 (r
1001 4399 1083 4459 corr.)
