3234 5336
312 892 604 1058 nuperum
638 821 1059 994 usurunlun'usl.

604 1109 762 1118 --—...—-.

147 1218 287 1315 ·Codicis
319 1251 581 1326 Mediolanensis,
619 1251 649 1312 in
686 1272 751 1333 quo
790 1252 893 1313 omnis
924 1249 1065 1314 Senecae
1096 1252 1296 1335 dialogorum

80 1366 193 1438 praeter
223 1357 476 1420 consolationem
508 1359 550 1420 ad
582 1356 750 1437 Polybium
781 1359 886 1438 posita
916 1366 965 1420 est
989 1361 1158 1434 memoria,
1190 1360 1291 1423 conla-

79 1465 187 1524 tionem
220 1465 262 1526 ab
294 1463 379 1526 Italis
411 1463 532 1526 Branca
567 1471 599 1526 et
631 1463 756 1546 Bugato
795 1462 920 1526 saeculo
958 1467 1120 1545 superiore
1159 1475 1297 1528 exeunte

79 1567 184 1632 factam
209 1579 241 1632 et
265 1569 448 1633 aFickerto
471 1572 502 1632 in
525 1589 615 1632 suam
639 1569 812 1637 editionem
834 1572 1055 1651 transcriptam
1072 1570 1177 1634 multis
1194 1576 1295 1636 nomi-

80 1676 159 1738 nibus
190 1655 338 1740 mancam
370 1697 439 1739 esse
470 1695 529 1738 nec
555 1670 684 1756 ‘aliquid
716 1684 840 1740 tantum
875 1677 917 1738 ad
948 1688 1125 1740 accuratam
1155 1678 1297 1772 lectionis

81 1781 165 1862 fidem
189 1783 370 1845 desiderari’
396 1803 466 1846 cum
491 1786 571 1864 ipse,
603 1782 791 1862 simulatque
815 1783 975 1846 mensibus
999 1783 1116 1847 Martio
1139 1795 1171 1848 et
1195 1785 1297 1868 Aprili

82 1907 104 1947 a.
121 1881 203 1950 1875
214 1891 246 1951 in
261 1889 456 1952 bibliotheca
471 1888 689 1952 Ambrosiana
704 1890 849 1951 codicem
866 1897 1002 1952 tractare
1026 1891 1125 1974 coepi,
1149 1891 1296 1967 intellexi,

81 2002 138 2056 tum
169 2015 266 2076 opera
298 1996 361 2057 iam
384 1993 525 2077 perfecta
549 2005 580 2057 et
604 1997 633 2057 in
657 1994 817 2077 publicum
842 1995 972 2070 emissa,
1003 1999 1105 2078 quiuis
1129 1999 1298 2080 perspiciet

81 2109 108 2161 et
128 2109 305 2182 cognoscet.
353 2101 466 2183 Neque
489 2099 634 2164 homines
662 2100 704 2164 illi
728 2103 873 2182 imperite
897 2103 926 2164 in
951 2123 1081 2166 munere
1104 2106 1296 2186 exequendo

81 2209 181 2268 uersati
210 2210 379 2290 potiusque
409 2207 519 2270 litteris
549 2209 590 2270 ad
621 2206 920 2289 palaeographicam
952 2212 1106 2272 rationem
1131 2211 1297 2290 exigendis

80 2333 163 2394 saepe
193 2315 367 2376 rectissimo
399 2316 463 2376 ueri
493 2334 586 2376 sensu
617 2324 689 2377 sunt
720 2315 806 2376 ducti
818 2341 825 2390 ;
859 2316 917 2377 sed
947 2325 982 2378 ut
1015 2318 1162 2378 omittam
1192 2325 1296 2379 totum

81 2418 347 2500 orthographicum
371 2440 471 2501 genus
494 2440 624 2502 prorsus
647 2420 836 2502 neglectum,
860 2441 918 2483 nec
934 2422 1128 2483 diuersarum
1146 2441 1296 2485 manuum

80 2544 184 2603 genera
215 2524 278 2589 ullo
310 2527 410 2589 modo
442 2535 628 2589 curauerunt
651 2536 683 2588 et
706 2528 736 2588 in
760 2529 873 2590 rasuris
896 2536 929 2589 et
949 2528 1195 2591 correctionibus
1219 2529 1295 2591 indi-

81 2632 175 2693 caudis
197 2633 277 2695 mira
299 2631 425 2694 libidine
448 2632 499 2695 uel
522 2653 559 2694 ea
580 2633 689 2695 uidere
712 2632 769 2695 sibi
794 2633 848 2695 uisi
864 2642 937 2695 sunt
960 2654 1041 2716 quae
1065 2655 1148 2697 nunc
1168 2635 1296 2716 quidem

82 2739 198 2799 omnino
228 2758 293 2801 non
322 2748 474 2820 apparent
498 2739 548 2801 uel
572 2759 610 2802 ea
633 2759 714 2820 quae
737 2741 836 2820 quiuis
860 2742 967 2802 uideat
998 2749 1126 2821 oportet
1156 2750 1294 2823 praeter-

82 2845 218 2907 miserunt
246 2855 279 2908 et
310 2844 507 2926 reliquerunt.
555 2845 692 2908 Accedit
713 2865 823 2908 eorum
847 2845 999 2919 locorum,
1023 2845 1076 2908 ubi
1100 2846 1198 2908 uerba
1221 2849 1294 2909 scri-

11 3009 15 3020 ,
82 2951 167 3028 ptoris
197 2971 238 3014 ex
269 2953 365 3032 ipsius
397 2952 514 3014 codicis
544 2953 745 3026 testimonio,
777 2973 836 3014 nec
868 2953 980 3014 rasuris
1011 2972 1070 3014 nec
1100 2954 1295 3016 diuersarum

83 3074 216 3119 manuum
241 3077 340 3141 opera
364 3058 543 3133 obscurato,
569 3059 740 3121 emendare
763 3059 850 3133 licet,
875 3061 951 3122 satis
975 3079 1092 3140 magna
1115 3059 1294 3134 multitud0,

82 3161 107 3222 in
127 3184 183 3244 qua
205 3173 313 3226 tamen
337 3185 434 3247 saepe
456 3166 565 3227 nesciri
587 3172 690 3227 utrum
707 3165 791 3228 ltalis
807 3186 847 3226 an
863 3165 1012 3228 Fickerto
1029 3165 1121 3246 culpa
1136 3166 1295 3248 scriptoris

84 3251 235 3348 deprauatl
255 3271 423 3334 tribuenda
446 3272 493 3347 sit,
517 3281 631 3352 postea
655 3273 827 3334 accuratius
851 3272 1035 3352 uidebimus,

158 3375 215 3439 Est
237 3386 346 3440 autem
370 3378 475 3439 codex
499 3397 723 3458 pergamenus
754 3377 876 3440 formae
900 3377 1075 3460 oblongae,
1105 3379 1294 3459 Longobar-

82 3480 147 3542 dicis
173 3481 280 3546 litteris
303 3483 439 3570 ‚saeculo
469 3504 533 3545 non
564 3469 668 3559 nono,
700 3493 733 3546 ut
764 3483 861 3565 uulgo
892 3483 1005 3560 fertur,
1037 3486 1094 3547 sed
1126 3486 1295 3556 undecimo

81 3599 223 3652 exaratus.
272 3589 346 3672 Qua
368 3591 533 3652 uetustatis
558 3589 772 3652 deminutione
795 3593 847 3672 qui
868 3592 963 3653 etiam
980 3593 1206 3673 praestantiam
1231 3593 1296 3654 eius

82 3694 163 3756 minui
185 3697 322 3776 putabit,
354 3697 461 3758 uideat
484 3716 524 3757 ne
547 3697 778 3776 praeiudicatae
802 3699 941 3778 opinioni
965 3696 1034 3778 plus
1059 3697 1176 3760 tribuat
1199 3719 1295 3779 quam

81 3799 128 3878 ipsi
151 3804 290 3878 ueritati;
325 3801 387 3863 hoc
418 3811 504 3864 certe
528 3803 578 3864 uel
601 3804 645 3865 sic
669 3805 841 3878 constabit,
874 3824 986 3865 omnes
1010 3803 1145 3884 reliquos
1169 3805 1295 3867 codices
1321 3811 1326 3822 ’

81 3908 114 3967 ad
141 3907 221 3971 hunc
252 3929 348 3971 unum
380 3907 501 3980 referri,
533 3909 622 3972 huius
653 3908 716 3971 fide
747 3909 938 3991 reliquorum
970 3911 1111 3972 omnium
1136 3909 1295 3972 contineri.

81 4008 150 4101 Sed¹
167 4003 344 4078 describere
385 4015 528 4076 codicem
568 4023 600 4076 ut
639 4035 787 4096 pergam,
826 4017 892 4097 ipse
931 4017 1096 4096 octoginta
1134 4026 1209 4078 octo
1247 4024 1295 4077 est

81 4115 220 4184 loliorum.
268 4121 426 4196 Duorum,
457 4141 538 4202 quae
562 4122 765 4196 antecedunt,
796 4122 826 4183 in
850 4123 953 4203 primo
976 4122 1112 4184 aduerso
1135 4122 1295 4184 Antonius

82 4221 226 4305 Olgiatus,
259 4229 344 4290 cuius
367 4247 465 4310 opera
488 4228 519 4288 in
542 4226 734 4313 bibliotheca
757 4227 974 4290 Ambrosiana
997 4229 1173 4290 ordinanda
1196 4226 1293 4290 cardi-

81 4331 171 4394 nalem
195 4335 425 4397 Borromaeum
449 4354 540 4396 usum
564 4353 634 4396 esse
657 4343 794 4406 constat,
822 4336 945 4416 scripsit
970 4329 1123 4398 ‘felicibus
1151 4334 1294 4414 auspiciis

83 4435 225 4503 Frederici
258 4440 464 4503 Borrhomaei
498 4441 581 4504 1603
622 4441 728 4502 codex
764 4441 846 4504 notis
877 4462 953 4503 sane
984 4441 1085 4503 doctis
1116 4440 1294 4521 adspersus
