3212 5326
236 362 239 373 ἢ
270 305 345 366 122
498 299 577 342 mnu,
592 299 630 344 VI.
658 298 700 338 AD
715 298 859 342 MARCIAM
875 300 915 340 DE
929 299 1173 343 CONSOLATIONE.
1203 303 1221 344 1.
1237 302 1257 345 2.

267 448 442 510 remedium
465 450 630 528 temporis
653 449 741 530 quod
765 450 924 510 maximas
946 468 1072 529 quoque
1095 467 1261 520 aerumnas
1278 451 1440 530 conponit,
1461 451 1489 510 in

266 564 300 616 te
331 575 392 616 una
422 557 486 616 uim
524 577 612 618 suam
652 557 802 636 perdidit.
849 558 959 617 tertius
979 557 1052 617 iam
1083 555 1244 636 praeteriit
1275 577 1388 630 annm,
1423 563 1519 618 cumt

267 664 391 723 interim
414 661 490 724 nihil
514 683 555 723 ex
579 665 682 742 primo
706 661 758 724 illo
774 665 883 743 inpetu
899 661 1019 724 cecidit.
1060 672 1191 725 renouat
1207 683 1241 724 se
1257 671 1289 724 et
1305 661 1492 724 corroborat

268 769 385 830 cotidie
415 767 516 830 luctus
548 778 580 831 et
611 773 673 830 iam
697 770 756 831 sibi
779 771 826 830 ius
850 789 941 831 mora
963 767 1036 831 fecit
1059 788 1163 849 eoque
1185 769 1341 830 adductus
1364 777 1431 844 est,
1461 779 1492 831 ut

242 884 359 954 bputet
383 886 473 956 turpe
496 876 647 944 desinere.
694 876 968 955 quemadmodum
992 877 1104 936 omnia·
1119 877 1194 937 uitia
1209 877 1332 956 penitus
1347 876 1492 949 insidunt,

267 984 323 1043 nisi
348 983 423 1042 dum
447 991 588 1062 surgunt,
612 1002 765 1063 oppressa
788 992 868 1057 sunt,
891 985 935 1044 ita
958 981 1037 1044 haec
1059 985 1310 1064 quoquetristia
1334 992 1366 1044 et
1382 985 1493 1044 misera

268 1098 300 1150 et
324 1090 352 1150 in
377 1109 411 1150 se
434 1091 606 1160 saeuientia
629 1090 696 1169 ipsa
711 1090 881 1151 nouissime
897 1089 1069 1152 acerbitate
1085 1098 1255 1169 pascuntur
1270 1098 1302 1152 et
1317 1089 1353 1151 fit
1368 1087 1493 1150 infelicis
1507 1108 1511 1114 ·

267 1197 360 1278 animi
393 1216 491 1276 praua
524 1195 671 1276 uoluptas
704 1196 802 1258 dolor.
834 1198 1005 1276 ¹cupissem
1035 1198 1142 1277 itaque
1165 1198 1275 1276 primis
1298 1197 1522 1276 temporibus&

267 1303 307 1364 ad
347 1305 438 1364 istam
479 1303 672 1364 curationem
705 1304 865 1364 accedere.
918 1301 1037 1364 leniore
1067 1303 1223 1364 medicina
1253 1301 1361 1364 suisset
1393 1305 1494 1363 oriens

230 1420 254 1460 ¹⁰
268 1407 372 1470 adhuc
395 1411 613 1488 restringenda
637 1411 701 1470 uis:
728 1408 946 1470 uehementius
969 1418 1080 1470 contra
1100 1412 1275 1471 inueterata
1289 1410 1493 1490 pugnandum

268 1525 323 1577 est.
370 1537 443 1577 nam
475 1515 638 1578 uolnerum
670 1537 797 1598 quoque
827 1517 943 1577 sanitas
973 1514 1070 1577 facilis
1101 1525 1166 1590 est,
1197 1517 1273 1577 dum
1305 1517 1494 1596 asanguine

268 1625 405 1684 recentia
436 1630 516 1684 sunt.
563 1632 638 1685 tunc
667 1633 817 1685 eruuntur
847 1633 878 1684 et
908 1626 939 1684 in
970 1622 1068 1684 altum
1100 1631 1288 1685 reuocantur
1318 1631 1350 1683 et
1379 1623 1494 1702 digitos

268 1731 473 1791 scrutantium
514 1730 682 1810 recipiunt:
725 1731 778 1791 ubi
816 1739 966 1812 corrupta
996 1730 1025 1790 in
1057 1729 1176 1791 malurn
1208 1729 1294 1792 ulcus
1325 1738 1494 1802 uerterunt,

236 1873 239 1878 ,
269 1835 421 1898 difficilius
445 1845 598 1898 curantur.
642 1856 706 1897 non
729 1856 859 1917 possum
883 1856 966 1897 nunc
988 1855 1046 1916 pet
1068 1836 1255 1918 obsequium
1279 1829 1339 1897 nec
1362 1835 1496 1897 molliter

231 1956 254 1994 ¹5
269 1943 400 2022 adsequi
424 1953 491 2004 tam
516 1942 628 2004 durum
653 1943 817 2005 dolorem:
844 1942 1036 2024 frangendus
1060 1952 1108 2006 est

357 2049 393 2110 Π.
433 2047 509 2111 Scio
539 2071 558 2112 a
589 2052 766 2132 praeceptis
798 2050 933 2131 incipere
964 2070 1091 2125 omnes,
1124 2052 1175 2131 qui
1207 2069 1336 2112 monere
1360 2049 1522 2132 aliquemt

270 2156 395 2230 uolunt,
434 2166 467 2218 et
504 2158 535 2218 in
574 2155 729 2236 exemplis
760 2158 911 2218 desinere.
963 2156 1076 2218 mutari
1105 2155 1188 2218 hunc
1218 2158 1341 2220 interim
1374 2177 1495 2218 morem

270 2264 402 2343 expedit
449 2263 536 2324 aliter
559 2265 642 2324 enim
667 2283 738 2324 cum
763 2263 823 2325 alio
847 2263 1008 2344 agendum
1032 2271 1101 2324 est:
1127 2264 1284 2344 quosdam
1305 2266 1387 2325 ratio
1405 2267 1496 2336 ducit,

270 2369 460 2450 quibusdam
477 2371 606 2432 nomina
623 2369 706 2431 clara
721 2370 916 2452 opponenda
931 2377 1004 2431 sunt
1020 2378 1053 2431 et
1068 2371 1246 2444 auctoritas
1267 2390 1348 2451 quae
1364 2369 1496 2432 liberum

232 2487 259 2526 ²⁰
273 2495 336 2537 non
360 2475 513 2556 relinquat
537 2479 676 2538 animum
700 2476 740 2539 ad
765 2477 908 2558 speciosa
931 2477 1077 2558 stupenti.
1116 2477 1180 2537 duo
1203 2476 1260 2538 tibi
1282 2495 1401 2557 ponam
1420 2479 1525 2536 'anter

272 2582 381 2644 oculos
406 2583 546 2644 maxima
570 2592 602 2644 et
625 2604 721 2644 sexus
746 2592 778 2647 et
801 2582 915 2644 saeculi
940 2583 983 2644 tui
1007 2582 1174 2663 exempla:
1206 2582 1332 2644 alterius
1355 2581 1496 2654 feminae,

271 2710 352 2770 quae
376 2709 409 2750 se
433 2690 563 2752 tradidit
586 2689 746 2751 serendam
773 2689 883 2764 dolori,
907 2688 1048 2764 atteriuS,
1072 2709 1153 2770 quae
1176 2690 1243 2770 pari
1267 2687 1393 2750 adfecta
1416 2709 1496 2761 casu,

137 2799 139 2803 ’
271 2797 391 2857 maiore
414 2795 541 2872 damn0,
565 2817 630 2857 non
654 2805 760 2859 tamen
784 2797 873 2859 dedit
889 2796 1019 2877 longum
1036 2797 1066 2856 in
1081 2816 1116 2857 se
1132 2795 1221 2858 malis
1236 2797 1298 2857 suis
1315 2796 1496 2868 dominium,

200 2885 201 2890 ἵ
271 2905 327 2966 sed
352 2904 414 2965 cito
438 2905 576 2966 animum
600 2905 631 2965 in
654 2905 765 2965 sedem
789 2923 877 2965 suam
894 2903 1042 2984 reposuit.
1081 2900 1215 2964 Octauia
1230 2911 1262 2964 et
1278 2903 1377 2978 Liuia,
1401 2901 1525 2964 attera-3

230 3021 256 3060 ‘2⁵
270 3031 361 3073 soror
374 3009 521 3091 Augusti,
539 3009 636 3072 altera
651 3031 741 3085 uxor,
754 3012 923 3073 amiserant
937 3009 1018 3071 filios
1033 3010 1170 3080 iuuenes,
1187 3018 1318 3091 utraque
1334 3016 1390 3092 spe
1407 3007 1496 3071 suturi

271 3116 416 3199 principis
429 3125 529 3178 certa:
542 3115 676 3179 Octauia
684 3116 877 3191 Marcellum,
886 3118 935 3178 cui
948 3124 980 3178 et
992 3114 1162 3178 auunculus
1174 3123 1206 3178 et
1218 3136 1309 3178 socer
1319 3115 1496 3177 incumbere

272 3231 429 3303 coeperat,
442 3225 474 3284 in
486 3243 581 3304 quem
595 3243 674 3285 onus
690 3224 798 3306 inperii
814 3222 971 3297 reclinare,
980 3222 1215 3285 adulescentem
1232 3223 1338 3294 animo
1354 3221 1496 3312 alacrem,

279 3435 285 3484 l
308 3437 436 3499 componit
532 3435 548 3488 2
567 3437 667 3502 preterit
686 3433 811 3489 sollemni
829 3434 903 3497 nitio,
922 3439 1045 3488 conecto
1064 3434 1092 3487 in
1111 3433 1292 3488 deterioribus
1387 3435 1403 3487 3
1422 3434 1495 3482 nichil

362 3525 396 3572 im
415 3531 471 3590 petu
492 3527 536 3591 (im
556 3523 640 3590 corr.)
738 3525 754 3576 4
774 3525 848 3574 etiam
915 3527 918 3532 '
945 3523 960 3576 7
981 3525 1099 3574 seuientia
1189 3523 1301 3588 Sptaua
1320 3521 1400 3581 dett:
1420 3539 1494 3588 prauo

364 3613 492 3664 9leniore
513 3612 610 3668 Gertz:
631 3615 722 3664 leuiore
820 3614 850 3665 11
871 3613 996 3664 uulnerum
1015 3615 1082 3679 (uuln
1100 3613 1128 3666 t'n
1147 3615 1215 3678 ras.)
1242 3671 1245 3678 ,
1309 3613 1340 3666 12
1360 3620 1383 3662 et
1401 3618 1495 3662 uruntur

273 3699 379 3764 codeoe,
404 3701 476 3756 unde
500 3711 611 3753 eruuntur
634 3700 716 3770 effeci
738 3700 807 3755 conl.
828 3700 863 3754 de
876 3718 960 3773 prou.
980 3705 1010 3770 6,
1030 3706 1045 3754 9
1071 3719 1120 3752 non
1140 3704 1165 3751 in
1183 3703 1236 3752 alto
1261 3702 1320 3751 latet
1339 3703 1433 3767 spiritus
1452 3717 1494 3749 nec

274 3793 358 3854 utique
377 3791 442 3840 terro
467 3793 585 3842 eruendus
610 3796 652 3844 est.
671 3808 721 3840 non
740 3797 793 3840 sunt
818 3792 918 3841 uolnere
942 3793 1037 3856 penitus
1061 3793 1170 3856 inpresso
1194 3792 1325 3841 scrutanda
1344 3790 1493 3856 praecordia,

274 3878 322 3932 ubi
338 3895 424 3949 aeque
443 3885 633 3950 conpatiuntur
652 3878 736 3932 uerba
756 3878 873 3934 eruendi
888 3885 914 3932 et
931 3878 1077 3933 scrutandi
1083 3897 1089 3936 ;
1111 3886 1134 3930 et
1152 3888 1275 3945 terguntur
1294 3877 1415 3948 Marinio,
1434 3893 1493 3930 enm

275 3966 357 4022 Gertz
379 3985 498 4038 prorsus
523 3976 622 4022 temere
647 3970 771 4018 difficilius
796 3977 909 4018 curantur
933 3967 1055 4022 eiciendo
1080 3975 1272 4022 esse'censeat
1382 3967 1412 4020 14
1432 3977 1494 4036 post

272 4061 393 4108 uerterunt
419 4055 518 4111 lucerne
627 4057 659 4108 tn
686 4059 785 4121 adloqui
810 4055 964 4111 dubitanter
983 4055 1071 4120 Koch,
1097 4060 1196 4122 adsequi
1221 4074 1255 4110 ne
1279 4057 1372 4128 La'psr'o
1389 4055 1493 4126 quidem

267 4144 388 4215 placuit,
414 4147 592 4216 interpretari
614 4152 701 4199 tamen
720 4143 811 4199 studet
833 4143 1017 4216 ‘praeeuntem
1037 4143 1158 4199 dotorem
1173 4145 1315 4216 prendere
1333 4144 1378 4200 nel
1393 4140 1491 4198 sistere'

368 4236 403 4290 20
422 4237 539 4300 stupenti,
559 4234 634 4303 qnod
655 4233 746 4288 eodem
764 4233 858 4299 tabet,
883 4251 938 4288 non
961 4240 1021 4288 eret
1045 4249 1095 4287 cnr
1119 4232 1297 4290 addubitaret
1317 4233 1396 4290 Gertz

273 4324 305 4376 21
332 4325 421 4394 semine
447 4326 473 4387 (e
492 4329 565 4376 extr.
584 4323 610 4374 in
631 4324 698 4390 ras.)
801 4323 834 4376 22
860 4325 949 4374 affecta
976 4324 1070 4393 (prior
1088 4325 1100 4372 s
1115 4325 1199 4390 corr.)
1309 4325 1342 4378 25
1365 4325 1492 4374 amiserant

275 4410 372 4466 Gertz:
394 4415 525 4462 amiserunt
617 4411 650 4464 27
670 4417 769 4477 ceperat
