3212 5326
281 350 321 411 58
651 341 731 382 DlAL.
748 341 786 382 IV.
815 341 856 381 DE
884 340 936 381 IRA
950 339 1005 381 LlB.
1021 339 1050 381 ll.
1070 343 1130 382 2—4.

255 508 441 570 -equosque
471 496 647 550 castrenses
678 488 768 567 erigit
798 488 933 568 crepitus
961 505 1130 550 armorum.
1176 485 1399 547 Alexandrum
1424 485 1509 546 aiunt

279 592 494 675 Xenophanto
518 602 650 655 canente
674 614 803 655 manum
826 594 867 654 ad
890 613 978 655 arma
1002 594 1130 655 misisse.
1276 677 1281 684 ἡ

368 699 421 761 Ill.
467 699 550 761 Nihil
582 720 624 762 ex
656 699 712 775 his,
743 719 824 780 quae
854 700 994 762 animum
1018 697 1147 760 fortuito
1172 697 1331 781 inpellunt,
1365 695 1540 763 adfectusl

279 807 384 867 uocari
408 805 520 868 debet:
547 807 614 881 ista,
637 815 672 868 ut
694 807 739 868 ita
762 805 875 880 dicam,
898 806 1014 887 patitur
1037 805 1138 886 magis
1159 806 1280 878 animus
1303 823 1399 885 quam
1424 802 1506 864 lacit.

253 931 357 991 sergo
380 911 524 975 adiectus
547 922 596 974 est
619 932 683 974 non
707 913 749 974 ad
774 910 898 974 oblatas
922 932 1025 973 rerum
1049 913 1170 994 species
1193 911 1330 985 moueri,
1354 910 1413 972 sed
1436 929 1508 990 per-

279 1020 404 1080 mittere
427 1039 462 1080 se
484 1018 541 1080 illis
565 1028 597 1080 et
626 1018 709 1080 hunc
733 1017 894 1080 fortuitum
927 1028 1051 1080 motum
1083 1018 1238 1099 prosequi.
1284 1036 1358 1078 nam
1389 1017 1415 1078 si
1438 1017 1541 1097 quis2

277 1123 431 1205 pallorem
463 1133 495 1186 et
525 1125 668 1187 lacrimas
697 1126 889 1206 procidentis
921 1133 953 1186 et
984 1125 1195 1186 imitationem
1225 1123 1343 1199 umoris
1376 1121 1510 1183 obsceni

278 1229 417 1292 altumue
447 1232 611 1312 suspirium
644 1241 676 1292 et
710 1231 820 1293 oculos
848 1230 954 1292 subito
984 1231 1120 1293 acriores
1150 1239 1205 1291 aut
1228 1231 1304 1311 quid
1334 1228 1382 1291 his
1406 1226 1509 1290 simile

278 1337 425 1398 indicium
457 1335 600 1399 adfectus
627 1337 784 1418 animique
814 1337 939 1417 signum
970 1344 1075 1418 putat,
1115 1335 1228 1398 fallitur
1266 1355 1326 1397 nec
1352 1334 1509 1414 intellegit

239 1464 263 1503 ιο
278 1443 420 1524 corporis
443 1442 503 1504 hos
526 1463 600 1529 esse·
618 1442 733 1524 pulsus
781 1443 886 1525 itaque
910 1451 941 1504 et
957 1442 1142 1506 fortissimus
1165 1441 1350 1524 plerumque
1366 1442 1413 1503 uir
1429 1442 1508 1502 dum
1525 1455 1539 1508 3

276 1557 416 1609 armatur
444 1548 596 1630 expalluit
628 1558 660 1610 et
683 1550 774 1630 signo
797 1568 923 1630 pugnae
947 1550 1024 1612 dato
1048 1547 1242 1622 ferocissimo
1265 1547 1353 1610 militi
1375 1546 1508 1629 paulum

276 1673 381 1734 genua
410 1663 605 1716 tremuerunt
629 1663 660 1716 et
688 1675 806 1735 magno
832 1657 1021 1737 'imperatori
1051 1663 1221 1736 antequam
1252 1655 1333 1716 inter
1363 1674 1400 1716 se
1423 1655 1508 1716 acies

277 1761 444 1821 arietarent
475 1781 531 1822 cor
554 1759 662 1822 exiluit
685 1769 717 1822 et
740 1763 859 1823 oratori
883 1761 1141 1842 eloquentissimo
1165 1762 1242 1823 dum
1265 1760 1307 1823 ad
1331 1760 1506 1823 dicendum

277 1867 464 1946 conponitur
495 1846 620 1928 summa
642 1867 808 1948 riguerunt.
859 1869 904 1928 ira
926 1889 989 1929 non
1014 1869 1134 1929 moueri
1157 1874 1279 1928 tantum
1304 1865 1422 1942 debet,
1447 1867 1539 1932 sedi

238 1993 262 2032 u
277 1991 462 2034 excurrere:
490 1981 539 2034 est
554 1974 638 2034 enim
654 1975 786 2055 inpetus.
832 1986 1004 2055 numquam
1020 1983 1127 2036 autem
1143 1975 1267 2056 inpetus
1283 1973 1350 2034 sine
1365 1973 1507 2035 adsensu

277 2079 389 2141 mentis
413 2086 469 2142 est.
515 2080 717 2160 nequeenim
734 2078 800 2142 fieri
823 2089 939 2162 potest,
963 2089 998 2142 ut
1022 2081 1063 2141 de
1078 2078 1197 2142 ultione
1213 2088 1244 2140 et
1268 2099 1374 2160 poena
1389 2089 1508 2160 agatur

275 2186 381 2246 animo
398 2186 571 2248 nesciente:
598 2187 720 2268 putauit
735 2207 769 2248 se
785 2185 894 2268 aliquis
911 2185 1039 2262 laesum,
1056 2186 1154 2248 uoluit
1170 2185 1282 2260 ulcisci,
1300 2185 1507 2248 dissuadente

275 2289 378 2370 aliqua
401 2311 495 2353 causa
525 2293 631 2354 statim
663 2293 796 2355 resedit:
830 2292 912 2355 hanc
943 2295 1021 2356 iram
1052 2313 1116 2354 non
1139 2312 1229 2366 uoco,
1260 2301 1384 2354 motum
1409 2293 1508 2353 animi

276 2396 388 2458 rationi
410 2406 583 2478 parentem.
630 2397 681 2460 illa
703 2409 752 2461 est
775 2401 828 2474 ira,
852 2421 933 2481 quae
949 2401 1104 2462 rationem
1127 2397 1272 2473 transilit,
1290 2418 1372 2479 quae
1394 2418 1507 2460 secum

234 2522 260 2562 n
274 2503 364 2583 rapit.
417 2523 495 2583 ergo
517 2504 622 2592 prima
649 2505 701 2566 illa
728 2507 859 2586 agitatio
891 2507 1001 2580 animi,
1032 2525 1128 2586 quam
1156 2506 1277 2586 species
1307 2505 1436 2567 iniuriae
1461 2506 1539 2570 ἐπι-5

275 2608 378 2682 cussit,
401 2629 466 2669 non
490 2611 591 2690 magis
615 2612 659 2673 ira
683 2620 731 2673 est
754 2633 849 2693 quam
881 2613 949 2695 ipsa
977 2613 1103 2674 iniuriae
1125 2612 1266 2693 species:
1293 2609 1344 2672 ille
1367 2631 1507 2692 sequens

204 2759 206 2762 -
274 2714 412 2793 inpetus,
435 2716 488 2796 qui
510 2711 797 2797 speciem¹iniuriae
820 2738 884 2779 non
908 2726 1031 2780 tantum
1055 2718 1190 2798 accepit,
1221 2718 1279 2779 sed
1302 2716 1507 2798 adprobauit,
1545 2704 1550 2711 ¹

274 2822 320 2882 ira
343 2829 399 2895 est,
424 2823 592 2884 concitatio
615 2824 709 2885 animi
725 2825 767 2885 ad
783 2824 935 2886 ultionem
951 2823 1113 2886 uoluntate
1137 2832 1168 2884 et
1192 2824 1306 2885 iudicio
1331 2825 1507 2905 pergentis.

275 2947 448 3007 numquam
487 2928 617 2990 dubium
657 2939 706 2991 est
744 2931 818 3011 quin
845 2932 941 2992 timor
972 2929 1080 3011 fugam
1109 2929 1235 3004 habeat,
1275 2931 1319 2991 ira
1350 2931 1507 3011 inpetum.

235 3033 349 3093 nauide
378 3052 455 3113 ergo
486 3055 526 3096 an
557 3045 648 3116 putes
681 3037 797 3117 aliquid
827 3037 894 3098 sine
922 3037 1058 3098 adsensu
1086 3037 1200 3098 mentis
1227 3045 1282 3100 aut
1311 3037 1377 3117 peti
1408 3057 1509 3118 posse

277 3146 331 3199 aut
354 3141 464 3202 caueri.
1391 3135 1395 3139 ’

367 3243 422 3307 IV.
468 3245 512 3308 Et
535 3255 568 3308 ut
583 3249 662 3310 scias
678 3249 951 3329 quemadmodum
968 3249 1116 3329 incipiant
1131 3247 1273 3310 adlectus
1289 3257 1343 3310 aut
1359 3257 1507 3311 crescant
1527 3263 1539 3313 1

280 3360 335 3411 aut
357 3351 532 3427 efferantur,
556 3362 604 3414 est
626 3356 744 3442 primus
760 3365 865 3418 motus
889 3374 953 3416 non
977 3354 1168 3416 uoluntarius
1192 3356 1280 3436 quasi
1303 3356 1507 3437 praeparatio

264 3456 423 3519 'adfectus
447 3467 478 3519 et
502 3461 659 3540 quaedam
683 3463 896 3524 comminatio,
942 3461 1021 3523 alter
1051 3481 1123 3522 cum
1147 3460 1310 3523 uoluntate
1340 3482 1405 3522 non
1429 3481 1507 3523 con·

237 3584 263 3622 ao
277 3565 401 3637 tumaci,
431 3573 596 3647 tamquam
626 3575 775 3648 oporteat
810 3588 862 3630 me
897 3569 1059 3642 uindicari,
1099 3589 1170 3629 cum
1201 3567 1304 3629 laesus
1342 3568 1412 3643 sim,
1451 3575 1508 3629 aut

278 3678 426 3751 oporteat
448 3669 531 3732 hunc
554 3691 673 3753 poenas
696 3673 780 3748 dare,
805 3694 876 3735 cum
901 3673 1007 3737 scelus
1030 3674 1146 3736 fecerit.
1192 3675 1301 3736 tertius
1325 3682 1433 3735 motus
1458 3683 1509 3735 est

277 3776 339 3836 iam
369 3777 531 3857 inpotens,
567 3779 619 3859 qui
648 3798 713 3840 non
744 3780 770 3840 si
805 3787 934 3861 oportet
969 3779 1072 3842 ulcisci
1100 3780 1182 3855 uult,
1213 3780 1271 3842 sed
1299 3777 1419 3862 utique,
1452 3781 1509 3861 qui

278 4005 291 4055 l
313 4021 420 4070 equosq:
442 4009 483 4073 (qz
505 4009 588 4081 com)
698 4006 713 4059 2
732 4009 890 4073 xenophanto
911 4013 938 4074 (o
957 4016 1029 4063 extr.
1050 4008 1135 4077 corr.)
1243 4007 1259 4061 3
1278 4015 1304 4062 et
1323 4009 1339 4060 5
1358 4008 1385 4060 in
1405 4011 1509 4058 affectus

275 4091 356 4161 prior
373 4095 416 4147 fe
435 4111 508 4148 corr.
603 4095 775 4149 7irrnauona
876 4100 969 4147 umoris
988 4099 1163 4167 supersur.h
1254 4096 1287 4149 10
1305 4098 1387 4163 pulsus
1406 4098 1505 4150 ceteri:

278 4183 361 4245 pulsos
456 4178 544 4236 12111}
565 4183 718 4252 (tiaras.)
817 4186 849 4238 15
870 4193 904 4238 at‘l
923 4188 1027 4252 impetus
1125 4203 1222 4236 assensu
1242 4185 1336 4257 (prior
1354 4203 1365 4236 s
1384 4202 1399 4239 e
1419 4187 1506 4251 corr.)

363 4270 395 4324 16
414 4289 478 4337 pena
562 4271 597 4325 20
615 4275 715 4325 incussit
733 4289 788 4328 non
806 4276 935 4325 incursit‘
992 4275 1025 4327 22
1045 4277 1148 4341 impetus
1248 4277 1396 4341 approbauit
1415 4275 1509 4345 (prior

278 4359 430 4427 pecorr.)
522 4360 555 4413 25
575 4363 667 4436 aliquid
686 4364 714 4426 (d
733 4363 816 4428 corr.)
885 4381 1005 4414 -assensu
1027 4363 1115 4434 (prior
1133 4381 1144 4414 s
1164 4381 1178 4418 e
1198 4363 1282 4432 corr.)
1372 4361 1408 4416 27
1427 4369 1454 4417 et
1470 4363 1508 4417 29

277 4448 379 4509 ,affectus
397 4449 490 4517 (prior
508 4451 521 4499 s
536 4467 551 4504 e
570 4453 652 4516 corr.)
744 4452 776 4505 31
796 4469 873 4518 penas
968 4453 1003 4507 32
1022 4456 1143 4519 impotens
