3212 5318
262 329 342 371 DlAl„
360 329 399 372 Xl.
428 329 470 372 Al)
485 329 620 372 HELVIAM
637 329 766 372 nisinen
784 331 823 371 DE
838 329 1080 372 CONSOLATIONE.
1111 331 1142 374 1³.
1159 333 1190 374 14.
1272 334 1335 398 263

86 477 207 551 ¹quideri
232 476 263 538 in
288 497 353 559 quo
377 471 526 540 Socrates
550 485 624 540 erat.
664 477 732 559 quis
756 497 855 559 usque
878 497 917 540 eo
941 477 981 538 ad
1006 477 1259 559 conspiciendam
1283 496 1334 540 ue-

112 584 235 646 ritatem
267 591 457 646 excaecatus
488 592 551 659 est,
589 594 623 646 ut
653 585 857 666 ignominiam
888 593 977 666 putet
1009 583 1052 644 Μ.
1085 581 1213 646 Catonis
1243 581 1337 646 luisse

113 689 269 772 duplicem
294 691 324 753 in
348 691 500 772 petitione
523 699 687 772 praeturae
711 701 742 754 et
767 691 947 754 consulatus
963 689 1140 772 repulsam?
1165 690 1336 770 ignominia

111 797 156 860 illa
189 807 360 879 praeturae
391 809 423 861 et
454 797 633 860 consulatus
663 796 733 872 luit,
764 799 876 879 quibus
900 819 940 860 eu
967 795 1091 860 Catone
1113 795 1217 859 honor
1239 795 1334 866 habe-

10 883 11 922 l
84 931 95 976 n
111 904 210 967 batur.
259 925 355 968 nemo
379 905 428 970 ab¹
443 905 504 967 alio
528 905 754 980 contemnitur,
778 904 834 969 nisi
858 927 876 968 a
899 925 933 966 se
957 913 1030 966 ante
1054 912 1256 986 contemptus
1278 912 1362 966 esen

11 1049 12 1060 κ
110 1010 233 1073 humilis
266 1022 298 1074 et
329 1012 487 1092 proiectus
511 1012 632 1074 animus
656 1022 704 1074 est
728 1012 776 1074 isti
801 1011 1009 1075 contumeliae
1034 1020 1250 1093 opportunus:
1283 1014 1335 1092 qui

11 1203 12 1206 Ἴ
111 1137 183 1180 uero
207 1118 362 1180 aduersus
385 1119 584 1181 saeuissimos
608 1139 698 1181 casus
721 1137 756 1180 se
780 1117 903 1180 extollit
927 1129 958 1182 et
982 1137 1019 1180 ea
1043 1117 1134 1192 mala,
1158 1117 1270 1198 quibus
1287 1116 1336 1178 alii
1373 1193 1375 1198 ,

10 1225 12 1306 j
110 1226 345 1307 opprimuntur,
377 1225 498 1307 euertit,
523 1227 606 1308 ipsas
630 1225 769 1287 miserias
793 1223 957 1288 insularum
981 1223 1053 1286 loco
1076 1223 1182 1298 habet,
1206 1225 1334 1305 quando

110 1332 150 1394 ita
173 1331 291 1394 adlecti
316 1351 432 1408 sumus,
457 1342 491 1394 ut
515 1331 588 1394 nihil
612 1351 713 1413 aeque
737 1351 885 1413 magnam
910 1334 995 1414 apud
1020 1351 1078 1394 nos
1094 1331 1333 1402 admirationem

11 1455 12 1466 ¹
84 1447 256 1521 roecupet,
290 1458 385 1520 quarn
417 1438 516 1502 homo
545 1437 667 1501 fortiter
690 1439 791 1500 miser.
839 1438 1013 1502 ducebatur
1036 1437 1173 1500 Athenis
1197 1439 1239 1501 ad
1262 1453 1375 1520 sup-10

10 1535 12 1562 ³
110 1545 234 1628 plicium
260 1544 432 1619 Aristides,
462 1547 510 1608 cui
534 1545 671 1626 quisquis
696 1553 889 1618 occurrerat,
923 1545 1078 1607 deiciebat
1101 1543 1210 1607 oculos
1235 1554 1274 1607 et¹
1289 1545 1333 1606 in-

111 1653 331 1734 gemescebat‚
364 1673 427 1714 non
459 1663 622 1734 tamquam
654 1653 684 1714 in
712 1651 874 1715 hominem
898 1653 1012 1714 iustum
1037 1653 1092 1714 sed
1117 1661 1280 1733 tamquam
1305 1653 1335 1714 in

110 1761 208 1842 ipsam
248 1759 396 1822 iustitiam
435 1759 743 1821 animaduerteretur.
791 1761 935 1822 inuentus
973 1767 1020 1822 est
1054 1768 1178 1833 tamen,
1216 1760 1270 1840 qui
1304 1759 1344 1820 in'

111 1865 219 1928 laciem
245 1867 310 1928 eius
335 1867 512 1947 inspueret:
539 1873 665 1948 poterat
689 1866 732 1928 ob
757 1866 818 1928 hoc
843 1865 977 1928 moleste
1001 1865 1088 1940 lerre,
1113 1867 1200 1947 quod
1216 1865 1335 1928 sciebat

112 1973 268 2035 neminem
301 1973 332 2034 id
364 1991 511 2034 ausurum
545 1973 613 2061 puri
644 1973 707 2035 oris
762 1983 795 2036 at
826 1972 877 2034 ille
900 1973 1046 2035 abstersit
1070 1971 1180 2035 faciem
1206 1981 1237 2034 et
1261 1971 1374 2034 sub-1⁵

112 2081 213 2142 ridens
253 2079 296 2141 ait
334 2079 496 2142 comitanti
527 2099 561 2140 se
593 2079 806 2159 magistratui:
842 2081 980 2141 admone
1011 2080 1121 2154 istum,
1153 2099 1192 2140 ne
1222 2088 1335 2161 postea

111 2196 173 2248 tam
197 2185 333 2265 inprobe
357 2185 477 2248 oscitet.
524 2185 585 2248 hoc
606 2185 662 2247 suit
683 2185 907 2248 contumeliam
924 2187 981 2267 ipsi
998 2185 1207 2248 contumeliae
1223 2184 1334 2248 lacere.

84 2295 171 2360 nscio
203 2293 361 2374 quosdam
395 2292 498 2354 dicere
529 2301 714 2374 contemptu
739 2292 810 2354 nihil
835 2313 904 2355 esse
928 2293 1068 2374 grauiuS,
1101 2301 1238 2354 mortem
1262 2292 1334 2374 ipsis

112 2400 267 2480 potiorem
298 2399 403 2461 uideri.
450 2397 497 2460 his
528 2417 590 2480 ego
621 2400 824 2480 respondebo
857 2407 889 2460 et
920 2398 1047 2462 exilium
1072 2419 1168 2480 saepe
1192 2407 1332 2461 contem-

112 2507 215 2587 ptione
247 2505 334 2567 omni
365 2525 478 2568 carere.
520 2507 550 2584 si
582 2523 716 2584 magnus
749 2507 794 2568 uir
825 2507 952 2581 cecidit,
986 2523 1118 2585 magnus
1142 2507 1237 2581 iacet',
1270 2517 1374 2568 non²⁰

113 2613 208 2694 magis
239 2611 325 2675 illurn
358 2621 450 2694 putes
474 2613 650 2687 contemni,
682 2633 777 2694 quam
801 2633 872 2674 cum
897 2615 1021 2676 aedium
1046 2631 1204 2675 sacrarum
1229 2615 1334 2676 ruinae

113 2719 274 2793 calcantur,
298 2737 376 2802 quas
400 2717 534 2798 religiosi
557 2737 658 2808 aeque
680 2739 718 2781 ac
740 2720 851 2783 stantis
875 2721 1017 2782 adorant.

87 2841 94 2892 1
196 2826 283 2888 XIV.
332 2825 492 2907 Quoniam
525 2845 598 2888 meo
629 2827 757 2889 nomine
788 2824 861 2888 nihil
891 2826 1005 2901 habes,
1042 2835 1143 2889 mater
1166 2827 1332 2902 carissima,

113 2934 194 3013 quod
225 2944 258 2995 te
288 2933 318 2994 in
349 2932 484 2994 infinitas
515 2931 658 2994 lacrimas
689 2943 779 3013 agat,
819 2933 958 3014 sequitur
988 2943 1021 2994 ut
1053 2953 1165 2995 causae
1197 2937 1270 2994 tuae
1300 2941 1332 2996 te

113 3039 275 3102 stimulent.
312 3047 385 3100 sunt
408 3048 514 3101 autern
539 3041 636 3102 duae:
664 3059 736 3130 nam
761 3048 814 3101 aut
839 3039 912 3102 illud
937 3048 969 3102 te
993 3049 1109 3115 mouet,
1134 3041 1222 3121 quod
1243 3061 1331 3122 prae·
1347 3051 1373 3091 '²⁵

112 3147 218 3209 sidium
242 3146 371 3228 aliquod
395 3147 508 3208 uideris
532 3147 688 3220 amisisse,
721 3156 775 3208 aut
798 3145 881 3222 illud,
904 3148 991 3227 quod
1016 3147 1205 3210 desiderium
1229 3147 1330 3229 ipsum

113 3271 166 3332 per
186 3273 219 3315 se
242 3254 308 3334 pati
333 3272 397 3313 non
421 3263 521 3333 potes.

82 3375 96 3424 2
195 3362 282 3422 Prior
305 3380 377 3441 pars
401 3359 476 3422 mihi
499 3359 608 3423 leuiter
631 3361 871 3443 perstringenda
894 3370 961 3424 est:
988 3362 1060 3423 noui
1085 3363 1167 3423 enim
1192 3362 1330 3424 animum

113 3474 195 3529 tuum
227 3466 301 3529 nihil
332 3467 363 3528 in
393 3467 456 3528 suis
484 3476 609 3547 praeter
633 3469 718 3549 ipsos
741 3478 910 3530 amantem.
957 3469 1090 3531 uiderint
1113 3467 1182 3530 illae
1206 3479 1330 3542 matres,

113 3592 188 3652 quae
210 3574 385 3655 potentiam
410 3572 577 3636 liberorum
602 3573 744 3637 muliebri
767 3575 940 3657 inpotentia
964 3584 1122 3650 exercent,
1146 3567 1236 3658 quae,
1259 3575 1331 3658 quia
1345 3585 1370 3626 ³⁰

114 3675 228 3742 leminis
250 3680 388 3742 honores
412 3701 476 3743 non
500 3679 573 3744 licet
596 3701 724 3762 gerere,
748 3701 805 3763 per
827 3681 896 3743 illos
919 3682 1107 3745 ambitiosae
1130 3691 1218 3757 sunt,
1248 3702 1330 3764 quae

114 3787 294 3864 patrimonia
324 3785 456 3849 filiorum
489 3797 521 3850 et
553 3787 742 3850 exhauriunt
773 3798 804 3851 et
836 3796 981 3871 captant,
1013 3809 1094 3871 quae
1118 3789 1328 3871 eloquentiam

114 4031 278 4083 deonsolarus
362 4032 493 4100 4preture
508 4043 530 4106 et
544 4036 684 4084 consolatus
768 4016 970 4102 buenternpnit²
1051 4011 1179 4101 conreptu‘
1194 4037 1215 4103 (s
1228 4053 1262 4089 nl.
1272 4037 1328 4106 pr.)

1091 4135 1104 4162 u

195 4175 263 4227 liest
284 4173 379 4230 Gertz:
401 4177 431 4226 sit
521 4179 535 4226 l
563 4152 604 4226 ali¹
694 4177 710 4232 9
737 4179 801 4246 apud
822 4179 849 4246 (d
869 4180 952 4246 corr.)
1028 4179 1058 4230 15
1084 4185 1157 4229 asurti
1248 4187 1273 4228 at
1291 4178 1329 4244 (in

115 4263 176 4324 ras.)
211 4265 213 4271 ’
275 4265 309 4316 td
333 4265 431 4329 grauius
451 4266 513 4332 (ulus
532 4265 558 4318 iu
578 4272 646 4332 νας.)
749 4267 781 4320 tt]
807 4275 830 4318 el
849 4267 944 4321 aba'sse
963 4268 1052 4321 malim
1164 4260 1329 4318 conlemtione

196 4351 228 4405 ‘20
247 4355 308 4404 iacet
325 4351 420 4406 Gerlz:
442 4356 515 4405 iacuit
607 4355 636 4408 21
660 4357 727 4407 illum
741 4363 808 4422 putes
822 4360 944 4407 contemni
957 4375 1030 4422 quam
1044 4373 1098 4408 cum
1114 4357 1209 4407 aedium
1226 4355 1326 4428 Neap.:

116 4434 177 4487 illum
195 4445 332 4509 contempni
352 4447 402 4508 quit
421 4445 480 4508 edin
