3234 5336
305 366 371 408 xxx
710 361 750 400 on
764 358 877 402 comen
890 343 1130 398 ucorounuausr.

304 517 425 589 adfectu
450 514 478 584 4,
496 511 580 589 6,3,
607 507 636 581 3,
654 508 739 584 8,2,
765 505 932 578 adfirmabo
956 508 986 576 5,
1002 502 1110 583 382,
1144 503 1327 574 adfirmabat
1354 501 1530 579 to,13,8;

303 621 471 693 adfirmatis
495 617 523 688 7,
541 615 591 687 26,
609 615 645 694 8,
669 616 842 688 adflatuque
858 612 887 682 9,
906 613 935 682 7,
952 613 989 690 4,
1007 613 1115 683 adfixo
1134 612 1161 682 6,
1177 611 1206 681 2,
1222 613 1257 688 4,
1277 611 1399 683 adflicta
1413 607 1529 684 9,5,”3,

306 728 448 801 addictas
480 722 630 800 11,9,8,
664 719 872 794 adflictationis
898 717 948 788 11,
968 717 1015 787 17,
1033 720 1072 794 5,
1107 718 1286 789 adfunditur
1309 716 1337 786 4,
1358 715 1440 793 i,2;
1476 717 1532 774 ad-

302 835 405 906 peritis
425 831 473 901 tt,
492 829 542 899 to,
558 829 598 906 6,
625 827 753 900 adpredi
769 826 797 895 5,
816 825 866 894 11,
886 826 896 881 1
914 843 922 902 ,
948 824 1148 898 adprediendi
1163 826 1191 894 5,
1209 821 1260 894 21,
1277 823 1317 900 4,
1343 821 1533 894 adpredieris

304 939 340 1008 5,
365 939 425 1006 411,
456 935 495 1012 2,
537 934 713 1008 adpreditur
736 932 772 1002 5,
804 929 840 1002 7,
870 931 904 1006 1,
946 932 1107 1003 adpressus
1137 937 1180 987 est
1209 931 1244 999 5,
1270 927 1306 999 7,
1334 929 1367 1004 1,
1416 929 1532 1000 adpra-

304 1046 407 1103 uando
432 1044 460 1114 5,
480 1040 585 1118 12,1,
612 1041 767 1098 adleuotos
790 1037 819 1108 7,
837 1035 897 1114 28,
924 1038 1087 1109 adlipotum
1112 1038 1140 1106 5,
1158 1033 1208 1106 43,
1226 1035 1263 1112 2,
1291 1035 1403 1093 adlisos
1423 1032 1452 1105 7,
1472 1033 1529 1110 28,

304 1152 495 1224 adquiescere
523 1148 571 1218 to,
590 1144 639 1218 18,
656 1145 696 1224 2,
723 1146 884 1220 adquiescit
908 1145 938 1213 5,
954 1146 983 1214 9,
1001 1141 1039 1220 2,
1066 1143 1226 1216 admirere
1241 1140 1271 1212 9,
1289 1139 1318 1211 8,
1336 1138 1374 1217 3,
1402 1141 1532 1213 adquirit

305 1257 333 1326 5,
350 1257 380 1326 5,
398 1255 436 1332 4,
456 1254 625 1328 adquiritur
642 1253 670 1323 4,
692 1252 737 1323 19,
755 1255 791 1330 4,
810 1251 985 1324 adquisitum
1001 1248 1053 1318 to,
1075 1249 1176 1326 14,,1,
1196 1249 1346 1322 adquisito
1363 1246 1411 1316 10,
1431 1247 1480 1317 13,
1496 1245 1529 1321 8,

303 1357 472 1436 adparatus
503 1359 531 1429 2,
552 1363 580 1430 5,
603 1360 642 1436 5,
669 1360 839 1433 adpetentes
863 1358 892 1427 5,
914 1353 942 1428 2,
964 1354 1004 1434 6,
1039 1355 1196 1433 2,12,1,
1230 1355 1373 1428 adpetens
1399 1350 1529 1430 1,2,2,

305 1466 333 1538 3,
350 1467 436 1544 6,4,
463 1443 604 1540 adpetunt
620 1463 650 1535 9,
667 1465 696 1536 2,
715 1465 773 1542 11,
800 1465 982 1537 adpetentem
1007 1461 1036 1532 6,
1052 1459 1160 1538 23,3;
1194 1462 1373 1534 adpetuntur
1398 1457 1426 1529 7,
1444 1459 1475 1530 6,
1499 1461 1529 1534 1,

304 1574 499 1646 adpetiturum
518 1570 546 1642 8,
566 1572 592 1641 7,
611 1574 650 1648 3,
670 1569 845 1644 adpetamus
863 1569 890 1639 7,
912 1571 937 1639 1,
957 1567 994 1645 1,
1013 1568 1186 1641 adplicatur
1202 1566 1231 1636 4,
1248 1565 1299 1636 21,
1317 1560 1356 1641 9,
1383 1566 1533 1638 adplicari

306 1679 437 1755 7,1,4;
464 1679 592 1752 adplicet
616 1674 770 1754 9,14,2,
805 1675 975 1750 adprobata
999 1672 1074 1745 6,1,
1096 1677 1130 1750 1,
1158 1673 1321 1748 5,14,1,’
1346 1669 1532 1744 adprobante

304 1788 341 1856 4,
376 1785 410 1855 1,
441 1784 480 1863 4,
522 1783 701 1856 adprobauit
731 1781 768 1853 4,
799 1780 836 1852 3,
868 1783 906 1858 5,
944 1781 1000 1850 11,
1024 1778 1063 1850 9,
1088 1780 1126 1858 5,
1162 1779 1299 1853 adposuit
1339 1778 1375 1847 5,
1411 1777 1529 1851 15,1,

304 1892 498 1950 adridendum
524 1891 552 1960 5,
573 1891 621 1960 15,
638 1888 678 1966 3,
704 1889 875 1948 adridemus
897 1889 927 1958 4,
943 1887 973 1958 2,
991 1889 1029 1964 5,
1056 1887 1237 1958 adrapantia
1261 1885 1290 1955 4,
1306 1881 1358 1954 28,
1381 1885 1413 1956 1,
1452 1884 1531 1940 odsi·

304 1999 393 2056 duam
418 1996 453 2067 8,
479 1996 514 2067 6,
544 1997 580 2074 1,
615 1997 742 2054 adsidua
781 1999 817 2066 8,
842 1993 877 2065 8,
903 1995 941 2072 2,
975 1994 1116 2065 adsipnat
1142 1993 1176 2062 1,
1200 1991 1235 2063 2,
1261 1989 1300 2068 7,
1326 1991 1482 2048 adsentior
1507 1989 1532 2059 7,

289 2098 387 2181 '3,3;
415 2104 598 2161 adsentiatur
613 2103 643 2172 5,
664 2100 764 2179 13,4;
791 2102 933 2160 adsensun
950 2103 979 2170 4,
1000 2100 1078 2177 1,5,
1105 2100 1234 2156 adserrsu
1251 2098 1278 2168 4,
1296 2096 1379 2174 3,4,
1398 2096 1430 2168 4,
1446 2095 1529 2171 3,5,

244 2239 247 2248 ,
306 2209 333 2281 7,
353 2211 379 2280 1,
397 2209 432 2288 3,
451 2210 671 2267 adsentatorum
689 2209 717 2279 4,
735 2205 786 2279 21,
803 2207 839 2284 7,
858 2208 1063 2281 adsentatione
1078 2206 1107 2275 4,
1125 2201 1176 2275 21,
1193 2202 1229 2282 8,
1249 2203 1363 2262 adsilite
1380 2199 1409 2273 7,
1427 2200 1480 2272 27,
1495 2201 1530 2278 3,

304 2318 470 2375 adsidentes
486 2315 514 2387 9,
534 2314 561 2384 1,
580 2313 617 2392 1,
644 2316 823 2372 adsecuntur
849 2314 898 2383 10,
917 2311 966 2382 17,
983 2311 1021 2388 4,
1049 2313 1194 2383 adsurpat
1218 2310 1248 2376 4,
1264 2307 1314 2379 21,
1332 2306 1369 2383 8,
1395 2309 1534 2380 adsurpit

305 2425 333 2493 4,
352 2422 388 2480 21
421 2422 459 2500 3,
485 2423 667 2486 adseruntur
692 2419 845 2496 2,15,5,
872 2421 1083 2478 adsuescamus
1099 2415 1128 2488 9,
1145 2415 1231 2494 9,2;
1258 2416 1287 2488 9,
1304 2414 1390 2494 9,3,
1425 2417 1533 2474 adsue·

296 2526 567 2605 'uinus2,16,4;
601 2527 759 2584 adsuescat
783 2525 937 2603 4,21,5,
971 2523 1144 2602 11,18,8,
1179 2523 1350 2582 adsuescitis
1375 2520 1474 2593 7,26,
1495 2523 1529 2598 1,

304 2635 534 2694 adsuescendum
565 2632 602 2702 9,
639 2632 693 2704 to,
725 2632 763 2710 4,
805 2630 962 2690 adsuesses
996 2631 1052 2701 11,
1086 2630 1143 2700 17,
1175 2629 1215 2706 3,
1257 2629 1442 2688 adsumenda
1491 2635 1532 2686 est

304 2742 341 2811 3,
375 2739 409 2811 7,
444 2731 478 2817 13
521 2740 738 2812 anseranum
789 2721 844 2808 11,
879 2735 1010 2814 mr,
1052 2738 1209 2810 oupertus
1241 2735 1277 2807 4,
1318 2735 1354 2805 2,
1387 2734 1426 2811 4,
1478 2735 1532 2792 aa·

302 2853 490 2921 spectantque
527 2846 554 2916 4,
591 2848 616 2918 1,
648 2844 684 2922 2,
726 2845 873 2918 adspersit
903 2843 932 2913 2,
968 2843 1016 2913 11,
1048 2842 1088 2920 2,
1122 2843 1256 2900 adstricti
1282 2841 1329 2911 10,
1355 2840 1384 2912 3,
1412 2841 1450 2919 1,
1478 2843 1532 2900 ad-

302 2955 418 3026 strinpit
443 2953 471 3022 5,
497 2951 546 3022 16,
576 2952 816 3029 l;‚udtemptari
840 2952 867 3020 4,
892 2946 944 3019 28,
968 2923 1007 3026 7,
1041 2948 1187 3006 adtollens
1210 2946 1240 3018 9,
1264 2945 1293 3018 2,
1315 2948 1351 3024 4,
1389 2947 1533 3006 adtrahat

305 3059 437 3136 7,1,4,
471 3058 619 3116 adtrahas
642 3058 671 3128 9,
688 3057 773 3134 7,4,
808 3056 949 3124 adtrahes
973 3055 1002 3126 9,
1020 3054 1104 3131 3,6,
1138 3056 1287 3112 adtendite
1314 3053 1340 3124 1,
1357 3052 1443 3131 6,7,
1478 3055 1532 3112 ad-

304 3168 413 3223 tulerat
435 3165 463 3236 5,
480 3161 531 3234 23,
549 3162 576 3223 7.
622 3160 680 3220 His
703 3168 753 3220 tot
776 3157 931 3239 exemplis
953 3158 1042 3239 quasi
1064 3157 1169 3218 obruti
1192 3177 1264 3218 cum
1287 3155 1532 3217 consideraueri-

306 3288 376 3330 mus
400 3268 514 3347 fugisse
537 3274 661 3328 tantum
682 3265 761 3327 haec
776 3265 935 3326 librarium
951 3265 1115 3344 archetypi
1131 3264 1268 3324 nouitiae
1283 3262 1534 3344 orthographiae

305 3375 481 3436 admodum
505 3373 689 3447 studiosum,
713 3392 848 3453 cumque
871 3372 1026 3432 rationem
1049 3369 1293 3431 subduxerimus
1317 3389 1427 3430 eorum
1450 3389 1534 3448 quae

306 3489 513 3542 monumenta
535 3477 689 3552 offerunt,
714 3488 750 3540 ut
773 3479 900 3558 opinor,
925 3498 990 3538 non
1013 3476 1228 3540 dubitabimus
1249 3476 1473 3556 praepositioni
1492 3480 1536 3536 ad

306 3587 420 3667 ubique
451 3606 540 3647 suam
571 3586 783 3663 integritatem
807 3585 958 3658 reddere,
989 3583 1046 3644 nisi
1067 3585 1154 3664 quod
1178 3569 1243 3644 duo
1266 3584 1429 3644 monenda
1450 3591 1544 3652 sunt,

306 3692 358 3755 Ac
373 3694 510 3772 primum
526 3693 655 3772 quidem
671 3693 815 3753 uidemus
831 3702 965 3768 apparet,
980 3691 1068 3771 quod
1083 3692 1113 3750 in
1130 3689 1341 3750 monumentis
1357 3707 1533 3768 numquam

305 3819 370 3874 non
393 3798 657 3861 adsimilationem
680 3798 804 3878 patitur,
827 3806 861 3858 ut
885 3797 915 3857 in
932 3795 1120 3877 Vergilianis
1140 3780 1301 3856 codicibus
1317 3794 1361 3855 ita
1376 3797 1406 3855 in
1421 3804 1533 3854 nostro

305 3905 548 3967 dissimilationis
578 3924 705 3985 semper
731 3924 801 3964 esse
824 3912 1008 3984 expertem,
1039 3903 1154 3963 deinde
1177 3921 1226 3962 res
1251 3899 1346 3961 dubia
1370 3910 1478 3961 manet
1503 3900 1534 3960 in

304 4012 413 4088 litteris
426 4016 458 4073 dt
473 4012 644 4092 conpositis
656 4030 734 4092 quas
751 4030 809 4071 nec
829 4017 1036 4072 monumenta
1051 4009 1125 4070 satis
1141 4017 1267 4070 tuentur
1283 4017 1316 4068 et
1331 4006 1533 4088 grammatici

306 4139 370 4180 non
394 4119 460 4178 sine
483 4118 605 4178 ratione
629 4117 775 4178 uidentur
797 4117 973 4198 inprobare.
1004 4116 1039 4176 In
1054 4115 1167 4197 quibus
1184 4116 1319 4176 eandem
1337 4115 1418 4174 uiam
1433 4121 1534 4192 atque

306 4234 399 4287 antea
430 4225 516 4285 tenui
546 4231 580 4284 ut
603 4224 719 4284 codicis
742 4222 860 4284 formas
884 4225 1112 4304 exprimerem,
1145 4222 1306 4302 ceteroqui
1329 4221 1359 4280 in
1384 4217 1500 4298 duplici
1525 4229 1535 4279 t

305 4333 550 4412 adquiescerem.
596 4328 744 4411 Sequitur
774 4331 965 4411 praepositio
996 4335 1026 4391 in
1057 4332 1143 4392 cuius
1170 4349 1234 4389 non
1258 4326 1450 4389 adsimilatae
1476 4326 1534 4386 uix

306 4440 407 4499 minus
430 4438 551 4518 largam
576 4455 712 4496 messem
736 4434 818 4496 hanc
841 4435 957 4499 habes:
992 4439 1152 4498 inbecillum
1178 4437 1206 4508 6,
1234 4439 1282 4509 11,
1307 4435 1347 4515 3,
1382 4435 1408 4510 7,
1432 4433 1461 4502 7,
1490 4435 1532 4512 3,
