3212 5318
315 313 393 356 DIAL.
409 313 438 358 X.
465 313 507 355 AD
523 313 674 357 anninvn
690 315 730 356 DE
745 315 915 356 nnnvrms
929 314 1026 358 VITAE.
1055 317 1088 358 20.
1248 322 1310 382 245

109 479 189 542 quem
218 460 401 542 accipiendis
432 460 651 522 inmorientem
684 461 854 524 rationibus
886 461 939 524 diu
970 469 1087 522 tractus
1118 461 1182 524 risit
1212 459 1311 524 heres.

27 577 29 586 ’
82 567 259 648 3praeterire
289 567 375 650 quod
404 565 477 628 mihi
500 567 634 631 occurrit
658 567 841 651 exemplum
866 587 930 630 non
953 588 1102 648 possum:
1137 565 1312 630 Turannius

108 671 154 734 suit
174 681 302 734 exactae
327 673 504 756 diligentiae
528 693 636 750 senex,
660 675 711 756 qui
735 684 809 756 post
829 695 945 736 annum
966 675 1215 755 nonagesimum,
1240 694 1311 736 cum

27 771 29 804 ³
108 779 286 841 uacrtionem
314 780 542 861 procurationis
566 781 607 842 ab
632 781 666 844 C.
692 779 827 844 Caesare
852 780 933 843 ultro
957 781 1144 862 accepisset,
1177 781 1312 862 conponi

27 877 28 930 Ῑ
105 905 133 946 se
153 885 180 946 in
202 883 283 948 lecto
308 894 340 947 et
364 884 447 950 uelut
471 887 651 950 exanimem
676 907 695 948 a
719 887 940 950 circumstante
964 884 1079 948 familia
1094 885 1200 970 plangi
1216 887 1339 950 iussitu

105 989 218 1072 lugebat
241 993 357 1056 domus
381 992 480 1056 otium
504 993 625 1056 domini
649 993 731 1068 senis
754 1013 812 1054 nec
827 991 926 1055 finiuit
941 1000 1014 1054 ante
1030 992 1195 1067 tristitiam,
1216 1013 1311 1075 quam

104 1098 181 1196 labor
209 1096 257 1180 ¹illi
295 1119 368 1162 suus
407 1102 566 1163 restitutus
605 1110 661 1164 est.
708 1100 831 1162 adeone
869 1101 956 1163 iuuat
991 1108 1180 1180 occupatum
1213 1100 1312 1176 mori?

79 1206 175 1270 iidem
210 1204 366 1286 plerisque
396 1205 518 1269 animus
549 1215 615 1269 est:
654 1207 768 1269 diutius
800 1207 953 1290 cupiditas
984 1205 1040 1268 illis¹
1071 1205 1186 1268 laboris
1216 1211 1311 1288 quam

27 1337 28 1408 j
104 1311 218 1373 facultas
241 1322 298 1374 est.
330 1332 401 1374 cum
424 1311 625 1375 inbecillitate
649 1314 789 1394 corporis
813 1321 963 1394 pugnant.
995 1319 1188 1374 senectutem
1211 1313 1311 1394 ipsam

104 1417 175 1480 nullo
197 1417 257 1481 alio
282 1419 409 1480 nomine
433 1439 562 1500 grauem
587 1420 732 1496 iudicant,
757 1439 852 1502 quam
877 1420 963 1499 quod
988 1417 1056 1480 illos
1080 1419 1211 1500 seponit.
1258 1417 1312 1481 lex
1330 1435 1352 1475 ιο

27 1581 28 1584 ,
103 1525 390 1607 aquinquagesimo
414 1545 496 1587 anno
521 1525 650 1589 militem
675 1547 739 1588 non
763 1525 847 1607 legit,
871 1546 890 1588 a
913 1525 1114 1606 sexagesimo
1131 1532 1311 1587 senatorem

27 1619 28 1682 ἶ
103 1651 155 1692 non
183 1633 275 1694 citat:
311 1629 462 1720 difficilius
493 1631 637 1695 homines
661 1651 679 1694 a
702 1653 736 1695 se
760 1633 859 1711 otium
891 1631 1048 1713 inpetrant
1071 1651 1166 1712 quam
1191 1651 1210 1692 a
1233 1629 1311 1712 iege.

78 1748 88 1796 n
103 1737 209 1800 interim
225 1739 302 1800 dum
320 1739 480 1819 rapiuntur
500 1746 531 1800 et
547 1739 679 1819 rapiunt,
703 1739 777 1802 dum
796 1737 875 1802 alter
891 1737 1016 1800 alterius
1031 1739 1170 1820 quietern
1188 1737 1312 1818 rumpit,

27 1921 28 1928 ἵ
103 1844 166 1906 dum
189 1853 300 1908 mutuo
324 1844 428 1908 miseri
451 1843 540 1920 sunt,
564 1846 630 1908 uita
653 1853 700 1906 est
723 1845 789 1908 sine
813 1843 930 1920 fructu,
954 1845 1020 1908 sine
1044 1843 1222 1926 uoluptate,
1246 1843 1313 1904 sine

27 1943 28 1952 ’
103 1949 154 2012 ullo
174 1950 317 2033 proiectu
341 1951 453 2014 animi:
480 1971 576 2014 nemo
599 1955 630 2014 in
655 1953 827 2033 conspicuo
851 1961 988 2014 mortem
1005 1951 1110 2025 habet,
1135 1969 1231 2012 nemo
1248 1969 1312 2010 non
1330 1967 1351 2007 u

102 2057 195 2137 procul
229 2079 305 2140 spes
339 2059 480 2121 intendit.
526 2059 654 2140 quidam
691 2079 768 2122 uero
800 2059 970 2141 disponunt
1001 2058 1100 2120 etiam
1128 2054 1194 2132 illa,
1232 2075 1313 2138 quae

27 2175 28 2256 f
102 2163 169 2226 ultra
199 2165 297 2228 uitam
328 2173 417 2240 sunt,
449 2185 580 2246 magnas
613 2164 714 2228 moles
744 2163 959 2248 sepulcrorum
992 2172 1023 2226 et
1055 2183 1187 2244 operum
1210 2162 1310 2244 publi-

102 2289 195 2332 corum
226 2272 442 2334 dedicationes
473 2281 505 2334 et
529 2273 571 2333 ad
593 2291 709 2353 rogum
734 2291 865 2334 munera
888 2279 920 2332 et
944 2270 1128 2333 ambitiosas
1152 2271 1312 2351 exequias.

102 2385 126 2438 at
152 2398 200 2441 me
230 2377 374 2440 hercules
404 2378 536 2441 istorum
560 2376 683 2454 funera,
715 2387 878 2461 tamquam
903 2378 1066 2440 minimum
1090 2377 1239 2452 uixerint‚
1270 2377 1312 2438 ad

100 2480 169 2546 iaoes
192 2495 224 2548 et
247 2505 359 2548 cereos
381 2485 528 2548 ducenda
551 2493 632 2548 sunt.
1324 2497 1350 2538 20

735 2691 743 2720 Ι

177 2751 388 2801 iimmorientem
409 2747 488 2804 dein:
510 2750 654 2818 inmoriente
745 2749 902 2814 2preterire
991 2749 1127 2800 Turannius
1147 2743 1309 2800 Pincianus:

27 2815 28 2818 Ἴ
99 2839 218 2900 styrannius
237 2837 333 2907 (prior
351 2855 362 2887 s
377 2837 442 2904 fere
460 2837 559 2904 deleta)
659 2837 813 2904 icomponi
917 2838 946 2891 ii
968 2839 1202 2905 quinquagesimo

99 2923 147 2991 legit
166 2925 351 2998 Bonqarsius:
376 2927 450 2992 “tegit
475 2927 512 2991 (iu
531 2943 616 2996 marn.
638 2943 671 2981 m.
690 2943 744 2980 rec.
767 2927 816 2978 “ali
835 2927 913 2994 cogit)
1024 2927 1056 2980 14
1081 2928 1132 2977 uita
1151 2933 1166 2979 o
1186 2925 1223 2992 (in
1243 2923 1309 2994 ras.)

176 3015 207 3070 17
225 3017 358 3083 puplicoril
452 3015 483 3070 18
502 3025 526 3067 at
546 3015 584 3084 (in
603 3015 671 3085 ras.)
