3184 5318
299 339 359 400 174
430 345 437 358 ·
519 331 659 376 1)1A1..V11.
689 332 730 374 AD
745 331 923 374 GALLIONEM
939 330 979 372 DE
992 331 1066 372 VITA
1080 331 1187 372 ΒΕΑΤΑ.
1214 332 1250 376 2⁰.
1264 333 1299 374 21.

295 479 393 542 sciam
417 487 449 542 et
472 479 633 560 praesides
656 477 743 540 deos.
789 477 849 540 hos
882 496 976 558 supra
999 497 1051 540 me
1073 479 1219 558 circaque
1241 497 1294 540 me
1317 485 1398 540 stare
1420 477 1505 541 iacto-

296 608 366 649 rum
388 586 608 666 dictorumque
631 604 785 648 censores
817 585 1009 665 quandoque
1033 592 1087 646 aut
1110 592 1221 646 natura
1243 584 1384 665 spiritum
1399 594 1507 666 repetet

297 703 351 756 aut
374 694 454 756 ratio
478 693 625 766 dimittet,
648 699 782 754 testatus
806 690 903 754 exibo
927 690 1047 752 bonam
1071 710 1123 753 me
1146 691 1370 754 conscientiam
1390 710 1507 766 amasse,

297 800 384 862 bona
406 799 518 874 studia,
542 796 654 860 nullius
677 818 734 880 per
757 817 809 860 me
832 796 1012 860 libertatem
1029 797 1234 872 deminutam,
1258 799 1387 860 minime
1410 818 1509 860 meam.
1581 857 1582 886 ἦ

271 909 351 987 aqui
382 905 461 968 haec
483 903 587 968 facere
609 913 784 986 proponet,
815 904 917 980 uolet,
949 903 1136 984 temptabit,
1167 905 1207 966 ad
1232 905 1311 966 deos
1334 906 1393 966 iter
1413 902 1507 966 laciet:
1581 895 1582 930 f

299 1033 358 1076 nae
380 1012 439 1087 ille,
464 1012 585 1076 etiamsi
608 1031 672 1074 non
695 1013 838 1087 tenuerit,

679 1122 790 1194 ntagrtis
811 1128 906 1178 tamen
929 1120 1038 1178 excellet
1057 1121 1144 1179 ausis.

292 1246 357 1288 uos
388 1227 534 1306 quidem,
566 1226 655 1306 quod
685 1227 835 1288 uirtutem
866 1222 1084 1304 cultoremque
1107 1225 1172 1286 eius
1196 1225 1325 1299 odistis,
1357 1223 1428 1286 nihil
1448 1228 1536 1286 nouit

300 1331 408 1396 facitis.
451 1352 525 1394 nam
549 1341 581 1394 et
604 1330 705 1394 solem
729 1330 846 1393 lumina
869 1350 965 1412 aegra
987 1329 1158 1394 formidant
1182 1340 1214 1393 et
1237 1340 1418 1394 auersantur
1439 1333 1510 1394 diem
1582 1324 1583 1378 l

261 1458 285 1498 ro
300 1438 502 1520 splendidum
528 1448 684 1500 nocturna
706 1436 860 1512 animalia,
883 1457 965 1518 quae
988 1438 1030 1500 ad
1045 1437 1183 1518 primurn
1199 1440 1263 1500 eius
1279 1447 1384 1502 ortum
1400 1447 1511 1518 stupent

300 1555 332 1608 et
364 1544 496 1609 latibula
524 1566 581 1608 sua
611 1546 728 1626 passim
759 1553 888 1627 petunt,
922 1544 1081 1607 abduntur
1103 1547 1135 1607 in
1157 1544 1278 1626 aliquas
1301 1548 1395 1608 rimas
1416 1546 1511 1608 timida

300 1653 384 1714 lucis.
430 1655 549 1733 gemite
584 1662 617 1714 et
652 1650 806 1714 infelicem
837 1651 976 1732 linguam
1009 1652 1167 1715 bonorum
1199 1645 1349 1730 exercete
1379 1655 1510 1726 conuicio,

301 1758 405 1835 hiate,
428 1761 654 1822 conmordete:
682 1760 772 1822 citius
795 1758 896 1820 multo
919 1756 1070 1838 frangetis
1093 1760 1205 1822 dentes
1227 1779 1323 1841 quam
1347 1761 1510 1841 inprimetis.

391 1865 478 1928 XXI.
526 1863 633 1947 Quare
658 1864 712 1927 ille
743 1863 960 1947 philosophiae
991 1864 1148 1928 studiosus
1179 1874 1228 1928 est
1251 1876 1283 1928 et
1306 1875 1412 1930 tamen
1438 1868 1536 1928 diuesl

264 1992 288 2032 rs
303 1974 400 2036 uitam
424 1975 510 2058 agit?
534 1991 632 2052 quare
656 1991 735 2052 opes
758 1972 1008 2033 contemnendas
1032 1972 1108 2034 dicit
1131 1980 1163 2034 et
1184 1970 1302 2035 habet?
1334 1975 1428 2036 uitam
1450 1993 1511 2034 con-

300 2079 505 2143 temnendam
536 2087 627 2162 putat
656 2088 688 2141 et
711 2087 819 2140 tamen
842 2078 938 2141 uiuit?
969 2079 1182 2142 ualetudinem
1206 2081 1467 2142 contemnendam
1487 2088 1513 2140 et

191 2173 194 2180 Α
301 2196 408 2250 tamen
432 2186 516 2249 illam
534 2185 770 2266 diligentissime
785 2193 890 2246 tuetur
906 2194 1002 2266 atque
1017 2186 1172 2267 optimam
1189 2186 1330 2249 mauult?
1354 2197 1386 2249 et
1401 2187 1512 2250 exilium

302 2314 417 2356 uanum
441 2313 558 2355 nomen
581 2301 674 2375 putat
697 2301 729 2354 et
751 2292 813 2354 ait:
844 2290 920 2372 quid
943 2293 1026 2372 enim
1051 2301 1099 2354 est
1122 2292 1195 2354 mali
1218 2302 1342 2356 mutare
1365 2295 1511 2375 regiones?

303 2411 336 2464 et
362 2410 485 2474 tamen,
516 2399 652 2474 silicet,
684 2399 817 2461 senescit
840 2399 870 2460 in
893 2398 1014 2479 patria?
1045 2409 1078 2462 et
1101 2400 1181 2462 inter
1203 2400 1327 2482 longius
1350 2410 1468 2482 tempus
1487 2409 1513 2461 et

262 2524 289 2564 2⁰
303 2507 429 2572 breuius
452 2506 527 2569 nihil
550 2507 699 2570 interesse
723 2508 846 2582 iudicat,
870 2515 903 2570 et
925 2515 1042 2581 tamen,
1066 2508 1091 2570 si
1114 2507 1189 2571 nihil
1206 2507 1362 2589 prohibet,
1380 2509 1513 2570 extendit

303 2623 442 2677 aetatem
458 2595 506 2676 =et
534 2615 563 2676 in
594 2613 692 2677 multa
722 2622 884 2676 senectute
914 2613 1057 2695 placidus
1089 2615 1187 2677 uiret?
1234 2617 1278 2677 ait
1317 2616 1376 2678 ista
1413 2614 1542 2678 debere?

303 2722 471 2796 contemni,
495 2740 568 2796 non,
592 2741 632 2782 ne
654 2720 780 2796 habeat,
804 2723 863 2783 sed
886 2741 926 2782 ne
949 2719 1098 2784 sollicitus
1121 2721 1247 2786 habeat
1285 2742 1350 2784 non
1370 2722 1461 2803 abigit
1474 2719 1515 2782 illa

303 2849 323 2892 a
346 2849 389 2904 se,
412 2828 468 2890 sed
492 2828 640 2890 abeuntia
662 2847 788 2890 securus
810 2829 1017 2910 prosequitur.
1064 2829 1186 2892 diuitias
1210 2829 1339 2911 quidem
1363 2829 1414 2892 ubi
1435 2829 1516 2890 tutius

304 2935 431 2997 fortuna
455 2936 594 3016 deponet
617 2954 713 3015 quam
736 2935 794 3009 ibi,
826 2936 910 2997 unde
933 2936 1000 2997 sine
1023 2934 1162 3016 querella
1185 2937 1346 2999 reddentis
1369 2945 1517 3024 receptura

264 3057 291 3096 u
305 3047 374 3104 est?
413 3042 456 3105 M.
489 3039 570 3104 Cato
609 3061 681 3104 cum
719 3040 863 3104 laudaret
894 3038 1022 3104 Curium
1061 3052 1093 3105 et
1126 3042 1358 3106 Coruncanium
1397 3053 1427 3106 et
1454 3041 1543 3105 illudl

305 3148 480 3222 saeculum,
502 3125 546 3224 ln,
573 3168 637 3228 quo
661 3149 837 3210 censorium
861 3149 979 3211 crimen
1003 3157 1071 3211 erat
1093 3170 1214 3231 paucae
1237 3152 1361 3231 argenti
1383 3149 1516 3220 lamellae,

305 3255 491 3336 possidebat
525 3255 591 3336 ipse
627 3256 816 3336 quadragies
846 3256 1041 3332 sestertium,
1082 3257 1183 3318 minus
1215 3258 1280 3320 sine
1311 3257 1408 3320 dubio
1436 3274 1516 3337 quam

307 3360 446 3440 Crassus,
469 3361 539 3444 plus
562 3381 658 3442 quam
684 3361 851 3424 Censorius
868 3361 959 3426 Cato.
989 3364 1109 3426 maiore
1132 3364 1244 3446 spatio,
1267 3367 1292 3426 si
1316 3370 1517 3446 conparentur,

309 3682 463 3745 lcircaq3*
505 3720 508 3728 .
560 3680 695 3746 2quando
714 3697 761 3748 que
780 3680 877 3748 (querit
890 3699 916 3747 q;
937 3682 1011 3749 mut.)
1102 3681 1217 3734 4mea*
1319 3682 1334 3734 h
1355 3628 1428 3732 addens

308 3769 324 3824 7
344 3772 440 3820 excidet
459 3765 621 3823 Pincianus:
643 3772 731 3820 excidit
822 3769 839 3824 8
858 3773 1025 3840 cultoremque
1114 3771 1206 3825 {lnam
1229 3753 1321 3822 rs‘olem
1416 3771 1446 3824 13
1462 3771 1517 3820 hiale

307 3858 498 3930 Bonparsius:
519 3861 599 3908 hisate
618 3859 656 3924 (in
675 3859 797 3930 margine
816 3877 849 3914 m.
870 3864 885 3913 4
904 3863 999 3924 hiscite,
1025 3877 1059 3914 m.
1079 3865 1093 3913 5
1114 3862 1146 3913 al.
1166 3862 1262 3928 instate)
1359 3925 1361 3929 .
1390 3861 1518 3913 comordele

226 3999 231 4008 ,
308 3947 351 4017 (cli
370 3948 398 4000 in
417 3963 482 4012 ras„
502 3953 582 4000 antea
597 3946 720 4015 fortasse
738 3950 796 4014 con)
889 3949 922 4001 14
947 3957 971 4000 et
989 3956 1071 4001 tamen
1090 3947 1198 4003 Haase:
1226 3956 1249 4000 et
1269 3956 1319 3999 tam
1417 3949 1447 4001 15
1470 3963 1517 3997 con·

307 4039 452 4088 temnendus
470 4036 572 4106 Neapa
594 4039 769 4087 contemnebas
788 4037 826 4102 (in
844 4054 931 4109 marq.
946 4055 979 4091 m.
994 4042 1010 4091 4
1024 4041 1224 4106 contemnendas)
1320 4039 1352 4091 16
1371 4039 1517 4088 ualetudinem

309 4125 517 4232 contemnenllbclh
538 4179 687 4250 (suprascr.
704 4195 739 4236 m.
758 4182 823 4248 rec.)
915 4181 949 4236 18
973 4189 1042 4248 putat
1061 4181 1224 4236 deteriores:
1249 4189 1334 4248 putant
1427 4178 1518 4246 regionis

309 4271 328 4337 (i
347 4270 375 4322 in
394 4288 408 4320 e
426 4271 511 4338 corr.)
620 4266 655 4320 20
678 4274 702 4318 el
720 4273 803 4318 lamen
822 4265 953 4348 quuiq:
980 4277 1063 4321 tamen
1171 4271 1204 4323 24
1230 4273 1318 4322 unde*
1427 4265 1517 4335 querella

309 4357 409 4425 (allero
426 4361 434 4408 l
454 4357 554 4424 deleta)
662 4354 696 4408 25
721 4357 781 4406 illud
799 4356 898 4429 uulgo:
925 4360 996 4410 illiud
1015 4360 1042 4425 (d
1060 4374 1133 4414 corr.
1153 4374 1192 4422 ex
1209 4361 1229 4426 t)
1339 4357 1373 4414 26
1399 4358 1517 4409 censorium

309 4446 408 4517 ttulqo:
429 4465 473 4498 nec
493 4449 585 4497 sotium
