3212 5326
305 399 346 460 66
664 391 797 434 manlv.
826 391 867 432 Da
881 391 933 432 IRA
948 391 1003 433 LlB.
1020 392 1050 434 11.
1082 393 1167 434 tt-tt.

302 533 570 618 indefatigabilem
594 539 746 601 extendit.
785 539 961 600 didicerunt
983 537 1171 599 tenuissimis
1195 547 1227 600 et
1250 537 1389 600 aduersis
1406 517 1518 599 lunibus

304 664 428 706 currere
451 652 483 706 et
506 643 643 725 ingentia
667 645 784 726 uixque
807 643 951 725 humanis
974 644 1140 706 toleranda
1155 645 1270 708 uiribus
1290 664 1388 706 onera
1402 653 1518 727 portare

303 759 336 812 et
375 751 406 811 in
442 751 616 812 inmensam
647 749 843 813 altitudinem
874 751 974 832 mergi
1005 772 1042 814 ac
1072 753 1138 814 sine
1168 751 1230 814 ulla
1260 751 1432 833 respirandi
1460 751 1518 812 uice

304 857 426 940 perpeti
450 857 555 918 maria
600 855 685 919 mille
707 865 780 919 sunt
802 856 875 933 alia,
899 859 930 918 in
952 857 1065 940 quibus
1088 859 1258 941 pertinacia
1280 857 1545 939 inpedimentumi

279 983 403 1028 somne
438 964 632 1026 transcendit
653 953 869 1046 ostenditque
898 962 973 1025 nihil
1004 985 1074 1027 esse
1105 963 1230 1027 difficile
1259 965 1345 1027 cuius
1376 963 1433 1025 sibi
1461 963 1520 1043 ipsa

304 1089 394 1131 mens
417 1070 600 1151 patientiam
624 1069 782 1133 indiceret.
827 1071 895 1132 istis
916 1092 996 1152 quos
1019 1071 1125 1154 paulo·
1138 1079 1212 1132 ante
1235 1069 1337 1132 rettuli
1366 1077 1421 1159 aut
1446 1067 1521 1130 nulla

293 1184 370 1258 rtam
392 1176 559 1256 pertinacis
582 1176 675 1238 studii
698 1186 753 1238 aut
775 1197 839 1238 non
863 1178 958 1258 digna
978 1198 1100 1240 merces
1116 1177 1180 1240 fuit.
1218 1177 1293 1259 quid
1310 1178 1394 1238 enim
1410 1177 1519 1257 magni-

303 1281 397 1344 ficum
430 1283 630 1364 consequitur
659 1281 710 1344 ille
739 1283 791 1364 qui
822 1283 993 1345 meditatus
1024 1292 1072 1345 est
1102 1304 1159 1365 per
1188 1283 1326 1345 intentos
1356 1282 1446 1345 funes
1467 1283 1520 1344 ire?

303 1388 355 1469 qui
378 1388 517 1451 sarcinae
539 1389 658 1470 ingenti
682 1389 818 1451 ceruices
834 1393 1034 1471 supponere?
1065 1391 1118 1470 qui
1134 1410 1249 1451 somno
1264 1375 1521 1451 non'submittere

264 1517 289 1557 ιο
304 1493 437 1556 oculos?
474 1496 526 1576 qui
549 1505 715 1578 penetrare
737 1495 768 1556 in
790 1496 889 1556 imum
913 1499 1017 1557 mare?
1057 1504 1089 1559 et
1112 1504 1220 1559 tamen
1243 1498 1284 1557 ad
1307 1496 1405 1556 finem
1429 1495 1522 1577 operis

303 1621 368 1664 non
398 1622 516 1682 magno
548 1611 787 1664 auctoramento
818 1602 909 1664 labor
936 1604 1087 1684 peruenit.
1132 1624 1192 1666 nos
1215 1623 1279 1665 non
1303 1603 1549 1665 aduocabimusti

303 1691 503 1789 patientiam,
534 1729 615 1790 quos
645 1717 769 1770 tantum
791 1709 966 1790 praemium
991 1718 1150 1790 expectat,
1174 1707 1269 1771 felicis
1293 1711 1388 1771 animi
1412 1711 1524 1771 inmota

303 1812 529 1895 tranquillitas?
576 1825 727 1898 quantum
763 1826 812 1878 est
846 1815 988 1896 effugere
1026 1816 1203 1878 maximum
1240 1815 1358 1878 malum
1390 1817 1468 1878 iram
1496 1824 1523 1876 et

304 1941 377 1982 cum
393 1920 443 1983 illa
458 1922 587 1997 rabiem,
611 1923 782 2010 saeuitiam,
799 1922 1025 2012 crudelitatem,
1041 1923 1189 1998 furorem,
1206 1923 1283 1984 alios
1299 1923 1434 1985 comites
1450 1923 1523 1984 eius?

265 2047 289 2087 n
392 2027 476 2090 XlIl.
507 2027 664 2090 Adfectus
681 2029 745 2091 eius
761 2050 826 2092 non
842 2037 890 2091 est
905 2030 993 2111 quod
1008 2030 1216 2111 patrocinium
1232 2029 1324 2091 nobis
1341 2048 1523 2111 quaeramus
1541 2028 1548 2078 l
1566 2033 1569 2040 '

304 2141 336 2196 et
367 2143 551 2196 excusatam
575 2134 748 2211 licentiam,
777 2137 917 2198 dicentes
944 2144 999 2197 aut
1021 2135 1096 2198 utile
1118 2136 1150 2197 id
1173 2157 1244 2198 esse
1267 2143 1321 2198 aut
1344 2135 1524 2198 ineuitabile.

304 2241 353 2304 cui
376 2242 459 2303 enim
482 2243 613 2304 tandem
637 2242 713 2303 uitio
737 2243 910 2304 aduocatus
934 2241 1049 2304 deluit?
1087 2263 1152 2303 non
1180 2251 1229 2304 est
1252 2233 1452 2326 quod'dicas
1475 2261 1524 2304 ex-

303 2348 364 2409 cidi
401 2369 466 2410 non
503 2369 607 2430 posse.
653 2348 843 2411 sanabilibus
881 2358 1084 2429 aegrotamus
1122 2348 1212 2410 malis
1243 2350 1375 2431 ipsaque
1405 2346 1465 2412 nos
1498 2349 1525 2408 in

303 2463 425 2516 rectum
449 2455 574 2535 genitos
597 2462 716 2530 natura,
740 2455 764 2516 si
788 2455 950 2516 emendari
967 2452 1106 2530 uelimus,
1130 2455 1223 2518 iuuat.
1262 2475 1329 2531 nec,
1353 2465 1389 2518 ut
1405 2457 1524 2538 quibus-

263 2576 290 2616 πο
304 2561 380 2622 dam
410 2561 512 2622 uisum
535 2569 599 2636 est,
629 2561 763 2622 arduum
794 2561 824 2621 in
857 2557 987 2622 uirtutes
1016 2570 1048 2623 et
1075 2581 1223 2643 asperum
1245 2562 1305 2624 iter
1327 2572 1394 2628 est:
1436 2563 1524 2645 plano

304 2667 465 2730 adeuntur.
503 2688 568 2729 non
591 2686 691 2729 uanae
715 2667 806 2730 uobis
829 2675 939 2730 auctor
962 2668 1006 2729 rei
1029 2668 1128 2730 ueni0.
1168 2666 1264 2730 facilis
1280 2678 1329 2731 est
1344 2669 1386 2731 ad
1402 2669 1553 2732 beatam?

304 2774 401 2836 uitam
425 2775 490 2836 uia:
523 2774 598 2835 inite
621 2774 721 2836 modo
745 2774 837 2835 bonis
861 2774 1003 2855 auspiciis
1027 2775 1163 2855 ipsisque
1178 2774 1225 2836 dis
1245 2775 1328 2837 bene
1343 2775 1525 2838 iuuantibus.

304 2879 405 2942 multo
429 2878 580 2942 difficilius
604 2888 652 2973 est
674 2879 778 2943 facere
800 2881 859 2942 ista
882 2900 964 2962 quae
987 2879 1094 2942 facitis.
1137 2881 1212 2964 quid
1236 2891 1284 2943 est
1308 2883 1404 2944 animi
1428 2884 1527 2972 quiete

305 2987 443 3062 otiosiuS,
466 2987 542 3068 quid
564 2987 610 3048 ira
624 2985 829 3049 laboriosius?
865 2987 941 3068 quid
957 2986 1122 3049 clementia
1138 2988 1304 3063 remissius,
1327 2989 1404 3069 quid
1422 2987 1526 3051 crude-

264 3113 291 3154 as
304 3091 392 3155 litate
407 3093 621 3173 negotiosius?
646 3102 738 3154 uacat
752 3088 909 3174 pudicitia,
925 3092 1023 3155 libido
1040 3094 1282 3175 occupatissima
1298 3105 1355 3158 est.
1389 3096 1527 3158 omnium

305 3199 440 3280 denique
470 3199 619 3260 uirtutum
649 3199 748 3261 tutela
780 3197 874 3261 facilis
898 3207 962 3274 est,
994 3199 1067 3260 uitia
1090 3220 1210 3280 magno
1233 3199 1387 3263 coluntur.
1436 3201 1556 3264 debet?

304 3304 348 3366 ira
371 3305 533 3367 remoueri.
573 3305 636 3367 hoc
659 3327 701 3367 ex
723 3315 814 3388 parte
836 3305 973 3367 fatentur
996 3306 1092 3367 etiam
1108 3307 1160 3390 qui
1176 3307 1284 3369 dicunt
1302 3327 1373 3368 esse
1389 3309 1527 3368 minuen-

305 3411 398 3473 dam:
431 3421 501 3474 tota
524 3412 706 3487 dimittatur,
729 3411 804 3473 nihil
825 3410 988 3494 profutura
1010 3421 1066 3474 est.
1105 3414 1172 3475 sine
1193 3411 1245 3474 illa
1267 3412 1385 3476 facilius
1405 3415 1528 3476 rectius-

300 3538 366 3599 ·que
395 3517 513 3580 scelera
543 3517 705 3594 tollentur,
736 3517 810 3580 mali
840 3519 1005 3600 punientur
1034 3527 1066 3581 et
1093 3521 1335 3581 transducentur
1357 3520 1389 3581 in
1414 3519 1530 3582 melius.

264 3643 290 3683 ³0
305 3624 411 3685 omnia
440 3645 522 3707 quae
553 3623 651 3686 debet
681 3625 804 3706 sapiens
827 3627 893 3686 sine
916 3623 1005 3687 ullius
1029 3625 1131 3687 malae
1155 3627 1199 3688 rei
1222 3624 1395 3688 ministerio
1421 3627 1531 3690 efficiet

304 3729 441 3812 nihilque
463 3731 659 3806 admiscebit,
683 3731 769 3793 cuius
792 3732 926 3794 modum
950 3731 1108 3794 sollicitius
1122 3715 1289 3795 'obseruet

382 3837 480 3899 XIV.
512 3837 708 3918 Numquam*
727 3838 833 3919 itaque
863 3838 1023 3900 iracundia
1045 3840 1245 3901 admittenda
1268 3846 1330 3914 est,
1363 3838 1560 3922 aliquandol

305 3943 490 4019 simulanda,
513 3944 538 4005 si
551 3963 675 4024 *segnes
698 3944 890 4006 audientium
913 3943 1008 4005 animi
1031 3946 1209 4007 concitandi
1232 3954 1312 4020 sunt,
1337 3947 1418 4008 sicut
1443 3947 1532 4009 tarde

305 4060 530 4131 consurgentes
545 4051 587 4112 ad
603 4070 728 4112 cursum
745 4070 843 4131 equos
859 4049 991 4112 stimulis
1006 4050 1331 4132 facibusquesubditis
1345 4054 1533 4115 excitamus.

307 4169 364 4174 —-
377 4167 515 4174 --———

305 4227 320 4279 3
340 4228 365 4276 in
384 4228 506 4276 immensa
525 4227 676 4275 altitudinem
697 4225 725 4291 (S.
745 4227 820 4275 maris
838 4241 978 4296 suprascr.
998 4217 1032 4278 ni.
1052 4227 1118 4293 rra)
1197 4227 1327 4280 9sarcine
1405 4231 1535 4280 sfimittere

383 4315 415 4367 15
436 4317 534 4365 affectus
554 4315 576 4380 (f
589 4313 669 4383 prior
688 4317 770 4380 corr.)
856 4314 890 4368 20
909 4316 1029 4367 inuirtute.
1048 4331 1073 4373 s;
1096 4315 1118 4382 (.
1132 4332 1159 4374 s;
1180 4315 1207 4368 tit
1227 4317 1293 4383 ras.)
1376 4311 1442 4366 est⁵⁵
1462 4319 1533 4382 plano

306 4401 341 4471 (s;
362 4401 386 4455 lt.
407 4419 428 4457 e.
448 4405 491 4453 sed
516 4418 659 4471 suprascr.
684 4404 809 4468 m.‘rec.)
924 4402 958 4454 30
983 4404 1048 4452 male
1075 4403 1099 4469 (e
1117 4403 1144 4456 in
1164 4403 1231 4471 ras.)
1341 4404 1373 4458 31
1400 4407 1535 4456 {miscebit

307 4491 333 4556 (a
347 4491 429 4557 corr.)
503 4491 536 4544 34
555 4501 727 4558 consurgentes
747 4493 793 4559 (tes
811 4507 883 4546 corr.
902 4491 929 4544 itt
951 4493 1019 4557 ran)
