3212 5318
320 331 383 394 214
460 326 540 370 mnu
556 325 596 368 rx.
625 327 666 368 an
681 325 824 368 sannuvu
838 327 880 369 m:
894 327 1161 380 trinovitanum
1175 329 1275 374 amm.
1306 333 1337 374 n.
1352 333 1384 374 1³.
1400 333 1430 374 rr.
1472 317 1487 332 ²

318 473 425 534 inanes
448 480 480 534 et
502 471 589 534 leues
611 491 724 534 causae
747 493 804 553 per
827 473 938 536 urbem
955 475 1192 552 circumducunt
1207 474 1344 557 nihilque
1360 475 1518 553 habentem,

318 581 348 640 in
372 580 459 661 quod
482 577 614 654 laboret,
638 577 693 640 lux
716 589 789 642 orta
811 580 950 661 expellit,
975 590 1096 644 etcum
1113 581 1286 645 multorum
1302 581 1415 646 frustra
1428 583 1518 647 limini·

318 685 378 746 bus
401 684 507 747 inlisus
529 685 804 749 nomenculatores
827 686 1040 767 persalutauit,
1063 709 1083 750 a
1098 687 1204 751 multis
1220 687 1367 752 exclusus
1383 694 1519 753 neminem

319 811 361 852 ex
396 791 543 854 omnibus
580 790 734 855 difficilius
770 795 859 855 domi
889 815 985 875 quam
1016 815 1050 856 se
1081 795 1237 858 conuenit.
1292 816 1335 857 ex
1364 795 1424 859 hoc
1451 798 1545 864 maloi

278 915 290 952 ⁵
318 899 480 979 dependet
507 896 581 960 illud
608 901 823 960 taeterrimum
847 902 973 975 uitium,
1004 899 1191 963 auscultatio
1215 908 1247 962 et
1269 900 1462 982 publicorum
1482 925 1519 966 se-

318 1012 541 1088 cretorumque
563 1006 721 1086 inquisitio
745 1015 778 1068 et
802 1005 971 1068 multarum
995 1027 1101 1069 rerum
1124 1007 1262 1083 scientia,
1285 1028 1368 1090 quae
1390 1030 1445 1071 nec
1464 1019 1520 1074 tuto

317 1120 481 1174 narrantur
503 1131 562 1174 nec
585 1121 655 1176 tuto
680 1112 854 1175 audiuntur.

406 1217 490 1280 ΧΙΙΙ.
528 1218 602 1280 Hoc
631 1227 773 1282 secutum
804 1230 883 1301 puto
912 1220 1134 1283 Democritum
1165 1221 1209 1282 ita
1238 1221 1450 1303 praecepisse:
1480 1225 1543 1302 quir

317 1324 489 1404 tranquille
512 1325 597 1386 uolet
617 1325 741 1401 uiuere,
763 1319 829 1388 ¹nec
844 1326 1006 1406 prr'uatim
1030 1335 1113 1406 agat
1132 1327 1237 1388 multa
1260 1348 1317 1389 nec
1332 1327 1469 1408 publice,
1490 1330 1521 1392 ad

281 1443 303 1484 ¹⁰
316 1449 509 1511 superuacua
531 1429 649 1495 scilicet
671 1431 867 1496 referentem.
913 1454 987 1495 nam
1010 1432 1036 1494 si
1052 1435 1228 1496 necessaria
1242 1443 1324 1510 sunt,
1347 1445 1380 1498 et
1393 1438 1521 1517 priuatim

316 1547 350 1600 et
371 1537 496 1619 publice
519 1558 584 1601 non
607 1547 732 1601 tantum
756 1538 863 1614 multa,
887 1541 945 1602 sed
968 1539 1205 1603 innumerabilia
1226 1543 1353 1622 agenda
1372 1552 1457 1605 sunt:
1480 1543 1521 1604 ubi

317 1665 393 1706 uero
417 1643 535 1707 nullum
559 1644 697 1707 officium
720 1645 874 1708 sollemne
897 1667 956 1709 nos
973 1647 1058 1722 citat,
1081 1645 1270 1710 inhibendae
1285 1649 1432 1712 actiones.
1462 1663 1547 1714 namt

315 1754 368 1831 qui
400 1750 500 1814 multa
528 1753 609 1832 agit,
639 1771 735 1832 saepe
758 1751 903 1815 lortunae
925 1761 1121 1834 potestatem
1143 1754 1190 1814 sui
1212 1753 1302 1830 iacit,
1333 1776 1428 1835 quam
1449 1757 1522 1818 tutis-

315 1859 430 1919 simum
461 1866 510 1920 est
533 1878 604 1920 raro
628 1858 771 1941 experiri,
795 1869 936 1921 ceterum
959 1879 1088 1940 semper
1109 1860 1150 1922 de
1173 1859 1224 1923 illa
1246 1862 1390 1942 cogitare
1412 1873 1444 1925 et
1464 1862 1523 1924 nihil

277 1941 301 2018 ll
315 1964 374 2026 sibi
404 1966 446 2026 de
475 1963 540 2026 fide
570 1967 636 2026 eius
674 1965 870 2046 promittere.
920 1966 1097 2046 navigabo,
1134 1967 1192 2028 nisi
1219 1967 1245 2029 si
1284 1969 1361 2049 quid
1391 1969 1522 2031 inciderit
1577 2041 1579 2050 Ι

316 2080 363 2145 et,
398 2080 526 2152 praetor
561 2069 653 2146 fiam,
688 2072 744 2133 nisi
778 2072 803 2133 si
842 2071 918 2152 quid
955 2071 1120 2136 obstiterit.
1182 2083 1230 2149 et,
1261 2075 1434 2155 negotiatio
1462 2074 1523 2136 mihi

315 2177 528 2258 respondebit,
552 2177 612 2239 nisi
632 2178 658 2240 si
680 2179 756 2258 quid
779 2180 988 2242 interuenerit.
1034 2179 1097 2241 hoc
1117 2187 1167 2242 est
1190 2201 1287 2261 quare
1309 2183 1442 2262 sapienti
1462 2180 1547 2244 nihil3

315 2293 426 2346 contra
456 2285 639 2365 opinionem
670 2284 811 2346 dicamus
834 2283 986 2348 accidere.
1030 2305 1096 2346 non
1118 2283 1204 2348 illum
1228 2286 1352 2349 casibus
1375 2287 1523 2350 hominum

315 2391 526 2472 excerpimus
550 2391 607 2452 sed
631 2389 796 2465 erroribus
820 2389 942 2452 necilli
966 2391 1073 2454 omnia
1096 2401 1130 2454 ut
1153 2391 1253 2455 uoluit
1275 2395 1402 2469 cedunt,
1424 2396 1477 2456 sed
1496 2403 1523 2454 ut

273 2511 300 2550 2⁰
315 2497 476 2577 cogitauit
522 2499 660 2577 inprimis
691 2506 798 2559 autem
831 2499 983 2578 cogitauit
1013 2497 1131 2579 aliquid
1160 2519 1256 2580 posse
1283 2501 1452 2582 propositis
1472 2501 1523 2560 suis

315 2605 466 2668 resistere.
511 2624 640 2666 necesse
664 2612 713 2666 est
735 2614 842 2666 autem
864 2603 961 2666 leuius
977 2606 1018 2666 ad
1034 2605 1173 2668 animum
1189 2609 1353 2689 peruenire
1370 2608 1523 2671 destitutae

314 2711 493 2793 cupiditatis
517 2710 670 2787 dolorem,
694 2711 743 2772 cui
765 2730 944 2774 successum
969 2732 1033 2774 non
1055 2715 1162 2794 utique
1184 2714 1374 2796 promiseris.

402 2809 491 2881 XIV.
521 2816 644 2880 Faciles
667 2817 762 2880 etiam
785 2839 845 2880 nos
868 2816 971 2880 iacere
994 2818 1165 2896 debemus,
1195 2840 1235 2882 ne
1258 2823 1351 2884 nimis
1375 2825 1546 2886 destinatis!

313 2925 406 2987 rebus
422 2922 648 3006 indulgeamus,
665 2933 924 3007 transeamusque
938 2926 969 2986 in
985 2946 1032 3001 ea,
1046 2926 1077 2988 in
1093 2947 1174 3009 quae
1189 2949 1247 2989 nos
1258 2949 1349 2991 casus
1360 2931 1522 3004 deduxerit,

166 3024 172 3038 '
273 3047 300 3086 m
314 3052 372 3093 nec
401 3031 608 3094 mutationem
632 3040 687 3094 aut
710 3030 828 3094 consilii
850 3040 905 3095 aut
928 3041 1028 3096 status
1051 3034 1328 3116 pertimescamuS,
1358 3037 1522 3100 dummodo

314 3158 372 3200 nos
403 3135 528 3212 leuitas,
560 3138 804 3201 inimicissimum
836 3140 933 3221 quieti
964 3140 1088 3216 uitium,
1118 3161 1183 3203 non
1211 3143 1356 3224 excipiat.
1402 3155 1523 3208 namet

312 3245 484 3326 pertinacia
507 3265 636 3307 necesse
659 3253 708 3308 est
731 3247 827 3329 anxia
850 3243 890 3308 et
903 3246 1016 3310 misera
1032 3247 1081 3323 sit,
1105 3249 1154 3310 cui
1169 3247 1295 3312 fortuna
1309 3260 1406 3334 saepe
1421 3251 1523 3334 aliquid

313 3359 492 3432 extorquet,
516 3360 549 3414 et
572 3350 681 3414 leuitas
705 3351 805 3414 multo
829 3353 955 3434 grauior
978 3373 1133 3436 nusquam
1153 3375 1189 3416 se
1204 3358 1378 3419 continens
1417 3366 1521 3421 utrum-

313 3476 375 3537 que
398 3457 544 3520 inlestum
568 3465 617 3519 est
639 3456 867 3540 tranquillitati,
892 3468 924 3521 et
946 3459 1022 3522 nihil
1045 3469 1167 3524 mutare
1190 3481 1286 3543 posse
1308 3471 1342 3526 et
1365 3463 1439 3527 nihil
1460 3463 1522 3546 pati.

273 3579 299 3618 ³0
314 3563 420 3644 utique
451 3566 572 3626 animus
602 3564 644 3626 ab
674 3565 821 3627 omnibus
853 3567 1007 3628 extemis*
1023 3568 1054 3628 in
1085 3587 1119 3628 se
1150 3567 1347 3630 reuocandus
1378 3578 1445 3632 est:
1476 3567 1548 3631 sibit

248 3741 261 3751 .
309 3667 470 3745 confidat,
500 3691 535 3732 se
558 3673 713 3750 gaudeat,
735 3693 793 3733 sua
815 3671 977 3752 suspiciat,
992 3674 1146 3757 recedat,
1170 3682 1324 3756 quantum
1348 3685 1469 3757 potest,
1489 3674 1522 3736 ab

267 3799 270 3802 ·
312 3774 418 3837 alienis
439 3783 472 3837 et
487 3796 522 3837 se
537 3775 595 3837 sibi
611 3773 756 3857 adplicet,
780 3779 898 3840 damna
913 3798 979 3841 non
994 3779 1116 3854 sentiat,
1138 3781 1233 3880 etiam
1249 3782 1385 3844 aduersa
1400 3774 1522 3861 benigne

313 3986 329 4038 5
354 3988 482 4039 teterrimu
578 3987 594 4039 8
619 3990 773 4054 praecepisse
791 3986 883 4043 Koch:
901 3989 998 4057 'cepisse
1017 3987 1078 4045 cod.
1097 3992 1209 4056 coepisse
1226 3989 1310 4061 uulqo
1344 3989 1420 4061 ems.
1439 3991 1470 4045 de
1485 3991 1522 4043 ira
1580 4029 1582 4052 ,

313 4076 338 4137 3,
352 4078 376 4139 6,
390 4077 404 4127 3
424 4077 535 4140 proderit
552 4077 627 4126 nobis
644 4077 705 4126 illud
722 4079 860 4128 Democriti
878 4079 983 4130 salutare
1000 4085 1168 4144 praeceptum,
1186 4097 1235 4146 quo
1254 4088 1402 4133 monstratur
1420 4081 1520 4145 tranquil·

312 4162 382 4225 litas,
405 4164 426 4214 si
448 4179 526 4228 neque
550 4165 665 4228 priuatim
690 4181 767 4230 neque
790 4167 889 4231 publice
912 4168 989 4217 multa
1013 4175 1053 4217 aut
1077 4170 1174 4218 maiora
1198 4169 1291 4220 uiribus
1308 4174 1397 4222 nostris
1414 4152 1520 4236 egerimus

383 4252 540 4318 Stranquille
624 4253 657 4308 13
671 4253 956 4310 sonunaedeterr'ores:
977 4257 1074 4307 fortuna
1153 4255 1186 4310 16
1198 4261 1318 4324 pretorfifi
1395 4261 1428 4315 20
1440 4259 1520 4324 aliquid

312 4339 371 4395 cod.
392 4355 451 4395 cum
469 4341 606 4396 ueteribus
624 4342 793 4409 editionibus,
812 4347 879 4396 aliud
896 4344 1010 4401 Fickert
1027 4351 1055 4402 et
1070 4345 1165 4402 Haase
1178 4363 1274 4418 pram
1292 4352 1423 4405 sentenia

312 4429 345 4485 25
364 4433 524 4483 mutationem
544 4429 674 4505 Maduiq:
695 4435 828 4487 mutatione
876 4507 878 4512 Ι
916 4434 951 4490 32
970 4436 1185 4510 applicettprior
1203 4455 1220 4505 p
1239 4442 1324 4508 corr.)
