3212 5318
269 347 348 394 ulau.
365 349 405 394 XI.
433 351 476 394 AD
492 350 626 394 nanvmn
642 349 772 392 MATREM
789 351 829 394 DE
842 351 1085 398 CONSOLATlONE.
1114 357 1132 398 8.
1149 359 1169 402 u.
1264 361 1328 424 255

11 495 12 560 j
101 491 228 558 terualla
252 503 285 557 et
308 514 417 560 causas
440 497 629 578 inuestigare
653 495 701 558 uel
725 495 810 560 ocius
827 499 953 560 meandi
971 498 1019 561 uel
1035 500 1163 575 tardius,
1186 509 1329 582 spectare

102 611 144 664 tot
174 623 234 684 per
265 611 393 666 noctem
425 603 532 666 stellas
564 603 706 666 micantis
737 613 770 668 et
800 602 874 666 alias
905 605 1085 681 inmobiles,
1115 606 1189 670 alias
1211 628 1276 670 non
1299 607 1345 670 in·

102 728 251 790 magnum
282 712 417 794 spatium
450 711 594 772 exeuntis
618 709 673 772 secl
698 709 777 773 intra
800 731 892 774 suum
916 731 950 776 se
973 712 1213 794 circumagentis
1236 714 1327 776 uesti-

101 817 191 897 gium,
213 819 369 902 quasdam
385 817 489 881 subito
506 817 707 899 erumpentis,
722 818 876 898 quasdam
893 819 965 898 igne
982 817 1050 882 suso
1065 819 1329 902 praestringentes

11 951 12 956 ¹
101 923 205 997 aciem,
229 922 318 1004 quasi
341 913 497 998 decidant}
522 921 571 986 uel
595 915 692 1004 longo
715 932 817 986 tractu
841 943 912 986 cum
936 923 1004 988 luce
1028 925 1127 988 multa
1147 934 1327 1009 praeteruo·
1358 947 1369 984 n

11 1036 13 1086 ἱ
101 1029 207 1105 lantes,
232 1031 309 1094 dum
333 1051 405 1094 cum
429 1029 476 1093 his
500 1031 558 1094 sim
582 1039 613 1110 et
637 1029 833 1106 caelestibus,
856 1051 918 1112 qua
941 1031 1059 1096 homini
1076 1031 1121 1095 ias
1145 1041 1202 1108 est,
1224 1033 1328 1096 imnis-

102 1157 184 1214 cear,
218 1139 296 1200 dum
324 1137 461 1200 animum
491 1138 532 1202 ad
556 1146 763 1218 cognatarum
788 1157 892 1200 rerum
915 1147 1121 1222 conspectum
1146 1141 1329 1204 tendentem

11 1255 13 1278 l
102 1245 127 1306 iu
151 1243 279 1307 sublimi
302 1264 428 1328 semper
452 1244 607 1308 habeam:
642 1252 795 1326 quantum
820 1243 913 1308 refert
936 1265 1016 1320 mea,
1039 1245 1115 1328 quid
1138 1245 1277 1310 calcem?

79 1361 86 1412 1
187 1351 243 1414 lX.
276 1350 324 1414 At
355 1371 419 1414 non
450 1360 498 1415 est
529 1350 608 1414 haec
636 1359 719 1416 terra
742 1349 959 1432 frugiferarum
982 1359 1036 1414 aut
1059 1351 1212 1416 laetarum
1235 1352 1328 1416 arbo-

11 1505 13 1532 ,
103 1478 166 1520 rum
191 1456 291 1520 ferax.
330 1478 394 1520 non
419 1457 541 1538 magnis
559 1477 617 1520 nec
632 1455 861 1538 nauigabilibus
878 1456 1040 1522 fluminum
1057 1458 1153 1522 alueis
1169 1459 1327 1542 inrigatur.
1345 1475 1369 1518 ro

103 1563 171 1626 nihil
196 1564 311 1646 gignit,
335 1565 422 1644 quod
446 1563 524 1626 aliae
548 1573 660 1646 gentes
683 1573 802 1646 petant,
827 1564 880 1626 uix
905 1566 946 1628 ad
970 1564 1101 1628 tutelam
1127 1565 1328 1632 incolentium
1404 1609 1407 1616 -

11 1683 13 1716 ἐ
103 1669 213 1734 lertilis.
260 1651 504 1752 non'pretiosus
527 1669 578 1734 hic
599 1669 678 1752 lapis
694 1671 842 1746 caeditur,
866 1691 931 1733 non
947 1673 1012 1734 auri
1027 1672 1212 1754 argentique
1229 1693 1328 1735 uenae

77 1783 258 1840 leruuntur.
304 1785 456 1859 angustus
487 1777 608 1840 animus
637 1785 701 1850 est,
733 1797 828 1858 quem
854 1785 978 1840 terrena
1001 1777 1179 1841 delectant:
1214 1779 1255 1841 ad
1279 1777 1329 1841 illa

104 1883 309 1978 abducendus
347 1891 411 1958 est,
450 1902 531 1964 quae
570 1881 685 1964 ubique
725 1902 825 1964 aeque
864 1893 1035 1966 apparent,
1075 1884 1189 1966 ubique
1228 1905 1328 1966 aeque

11 1975 13 2074 J
105 1988 269 2071 splendent
324 1997 356 2052 et
385 1989 447 2053 hoc
478 1989 683 2070 cogitandum
698 1998 790 2064 ,ests
810 1990 869 2052 ista
898 1991 978 2053 ueris
1001 1990 1093 2053 bonis
1116 2009 1174 2072 per
1196 1989 1273 2053 falsa
1297 1998 1329 2054 et
1345 2009 1368 2050 u

11 2133 13 2182 t
105 2117 197 2178 praue
229 2096 350 2159 credita
380 2095 518 2158 obstare.
563 2115 627 2176 quo
658 2094 820 2176 longiores
851 2097 988 2179 porticus
1019 2097 1233 2179 expedierint,
1264 2117 1328 2178 quo

11 2199 13 2276 J
106 2201 190 2266 altius
214 2211 315 2265 turres
338 2201 526 2276 sustulerint,
550 2221 614 2282 quo
630 2201 721 2264 latius
738 2203 823 2266 uicos
840 2203 1047 2284 porrexerint,
1070 2223 1135 2286 quo
1151 2203 1329 2286 depressius

12 2393 13 2396 Ἴ
106 2311 239 2374 aestiuos
277 2328 390 2392 specus
428 2307 579 2383 foderint,
615 2327 680 2389 quo
720 2309 830 2372 maiori
862 2308 947 2372 mole
978 2309 1100 2392 fastigia
1128 2311 1328 2374 cenationum

12 2415 13 2418 ’
79 2416 325 2492 nsubduxerint‚
356 2414 418 2478 boc
441 2414 511 2497 plus
536 2415 609 2490 erit,
634 2415 721 2495 quod
744 2413 801 2478 illis
825 2416 946 2482 cael-um
971 2417 1155 2480 abscondat.
1202 2419 1327 2480 ineam

106 2533 135 2585 te
165 2523 328 2605 regionem
360 2543 449 2588 casus
480 2523 585 2600 eiecit,
616 2525 647 2588 in
675 2544 738 2606 qua
766 2521 973 2586 lautissimum
998 2524 1230 2606 receptaculum
1255 2544 1327 2587 casa
1342 2540 1368 2582 no

107 2639 168 2692 est:
201 2649 261 2693 nae
292 2637 325 2692 tu
348 2628 450 2712 pusilli
472 2630 568 2694 animi
590 2651 624 2694 es
648 2639 680 2694 et
704 2631 831 2702 sordide
855 2649 890 2692 se
914 2629 1121 2706 consolantis,
1152 2631 1177 2693 si
1200 2631 1273 2694 ideo
1297 2631 1328 2693 id

107 2735 222 2800 sortiter
246 2736 378 2820 pateris,
402 2737 475 2818 quia
498 2737 625 2800 Romuli
649 2757 754 2802 casam
778 2737 869 2800 nosti.
916 2736 966 2800 dic
988 2736 1063 2800 illud
1087 2737 1210 2818 potius:
1246 2736 1328 2804 istud
1395 2739 1398 2746 '

107 2841 218 2906 humile
257 2843 416 2924 tugurium
456 2863 572 2926 nempe
602 2845 732 2908 uirtutes
762 2844 888 2926 recipit:
931 2844 993 2906 iam
1025 2844 1172 2907 omnibus
1202 2843 1328 2924 templis

108 2948 269 3014 formosius
293 2950 367 3026 erit,
392 2970 463 3014 cum
482 2950 547 3014 ‘illic
570 2951 685 3014 iustitia
708 2959 879 3033 conspecta
902 2949 1008 3026 suerit,
1033 2971 1103 3026 cum
1129 2951 1328 3024 continentia,

108 3075 174 3118 curn
204 3057 385 3140 prudentia,
417 3058 533 3139 pietas,
564 3059 706 3122 omnium
738 3056 911 3122 oiiiciorum
936 3067 1019 3120 recte
1043 3058 1327 3139 dispensandorum
1342 3073 1368 3116 as

109 3164 196 3240 ratio,
234 3163 446 3226 humanorum
485 3164 725 3248 diuinorumque
763 3165 899 3228 scientia.
960 3163 1061 3228 nullus
1097 3173 1248 3246 angustus
1280 3171 1328 3226 est

16 3293 20 3306 ¹
108 3267 205 3346 locus,
236 3272 289 3353 qui
320 3271 401 3334 hanc
431 3279 497 3334 tam
530 3291 717 3354 magnarum
748 3273 896 3334 uirtutum
920 3271 1048 3334 turbam
1073 3273 1163 3354 capit.
1210 3268 1328 3333 nullum

78 3375 231 3441 lexilium
263 3397 362 3458 graue
393 3385 457 3452 est,
488 3378 518 3440 in
549 3379 635 3459 quod
664 3377 736 3441 licet
760 3398 832 3441 curn
856 3377 918 3440 hoc
940 3377 985 3440 ire
1009 3379 1169 3442 comitatu.
1215 3377 1329 3440 Brutus

109 3481 137 3542 in
164 3503 201 3545 eo
224 3483 320 3559 libr0,
352 3505 447 3567 quem
472 3485 513 3548 de
537 3486 651 3548 uirtute
674 3485 856 3569 conposuit,
880 3485 922 3548 ait
946 3505 980 3548 se
1004 3482 1189 3547 llllnrcellum
1214 3484 1329 3548 uidisse

112 3658 315 3669 —-—...-.-———

114 3763 124 3813 1
147 3766 182 3815 uel
206 3767 274 3816 ocius
300 3761 416 3820 Mriller:
442 3767 549 3817 uelocius
675 3769 713 3818 uel
739 3769 830 3820 tardius
856 3764 1018 3822 deteriores:
1046 3767 1083 3816 uel
1103 3767 1168 3816 dius
1194 3767 1286 3832 (erasa
1304 3763 1326 3833 a)

208 3856 266 3904 dum
286 3861 396 3920 spectare
417 3851 498 3908 Gertz
607 3854 623 3908 2
649 3857 790 3908 immobiles
906 3855 922 3908 4
949 3858 1001 3906 suso
1021 3855 1117 3926 unlqo:
1140 3855 1208 3904 iunso

112 3939 126 3992 t
142 3943 267 3994 inmisceat
281 3943 320 4008 (ur
332 3944 359 3996 in
373 3945 440 4014 ras.)
526 3943 543 3999 8
561 3945 669 3996 habeam
683 3943 846 4000 deteriores:
862 3947 953 3996 habeat
1039 3946 1070 3998 11
1085 3946 1147 3994 aliae
1161 3942 1325 3998 deteriores:

113 4065 154 4116 alia
247 4067 349 4118 anureln
367 4067 476 4137 (prima
493 4077 502 4118 t
520 4067 548 4122 in
567 4070 583 4118 d
602 4069 687 4136 corr.)
785 4069 818 4123 12
844 4071 1019 4136 auriargentiq3
1039 4044 1219 4134 uens‘ruuntur.

113 4187 142 4242 li
164 4193 311 4258 porrexerint
331 4187 494 4246 Pincianus:
516 4195 664 4244 correxerint
763 4193 799 4248 20
823 4187 920 4262 εξοίἰοίῐ
939 4193 977 4262 (in
996 4193 1119 4263 marqt'nc
1137 4194 1219 4258 eiecit)

114 4277 245 4332 latissimum
265 4277 352 4349 Neap.
372 4281 520 4332 leuissimum
541 4279 690 4336 Pincianus
780 4301 837 4336 casa
857 4292 898 4336 est
918 4299 949 4334 ne
967 4291 991 4334 et
1010 4289 1034 4334 tu
1053 4283 1110 4351 (nae
1128 4290 1153 4332 tu
1167 4279 1326 4348 deteriores)

115 4367 322 4428 semianimes
341 4381 365 4421 er
384 4369 463 4437 (naec
481 4372 571 4425 omniu
585 4380 701 4443 practer
720 4389 750 4424 ca
769 4373 796 4426 in
814 4374 883 4442 ras.)
942 4387 948 4398 ¹
980 4371 1014 4426 22
1038 4373 1101 4422 istud
1121 4371 1285 4426 deteriores:
1306 4372 1327 4420 sl

117 4452 172 4504 istud
189 4458 216 4524 (si
235 4462 241 4510 i
260 4459 286 4513 in
306 4463 372 4528 ras.)
464 4459 498 4514 28
518 4463 542 4512 in
560 4463 627 4528 quod
645 4459 772 4516 Fickert:
794 4465 817 4513 in
837 4479 885 4529 qun
975 4461 1010 4514 29
1029 4464 1167 4528 composuit
