3184 5318
264 357 345 400 nme.
356 357 403 402 vu.
431 357 474 400 Au
489 357 666 400 cnuuoueu
681 359 722 400 ou
736 345 808 400 ’νιτΑ
822 357 929 405 amri.
958 361 990 407 u.
1008 363 1038 406 rs.
1054 363 1085 406 n.
1216 369 1290 429 ¹171

7 497 8 562 L
86 503 192 586 perueni
223 504 264 566 ad
295 503 480 580 sanitatem,
504 523 544 566 ne
567 505 748 588 perueniam
771 505 910 586 quidem.
957 505 1168 572 delenimenta
1190 509 1293 590 magis

7 603 8 622 ¹
86 631 163 694 quam
199 611 341 675 remedia
377 610 540 692 podagrae
579 631 670 675 meae
708 631 874 694 conpone,
913 621 1099 690 contentus,
1137 614 1161 678 si
1196 615 1294 678 rarius

85 718 186 782 aocedit
208 727 241 781 et
265 719 290 780 si
314 719 417 782 minus
440 718 647 783 uerminatur:
672 719 784 783 uestris
799 721 928 800 quidem
944 721 1079 802 pedibus
1094 731 1293 804 conparatus,

7 843 8 848 ¹
85 824 199 901 debiles,
230 845 340 889 cursor
362 847 442 889 sum.
488 825 567 890 haec
590 847 654 889 non
678 847 737 909 pro
761 847 814 890 me
837 827 959 910 loquor,
983 849 1045 912 ego
1069 829 1152 892 enim
1175 829 1205 892 in
1229 827 1294 894 alto

85 933 210 996 uitiorum
235 932 376 996 omnium
400 953 479 1008 sum,
502 934 559 997 sed
583 953 642 1016 pro
667 933 728 1010 illo,
752 935 800 998 cui
823 933 939 1018 aliquid
963 936 1023 999 acti
1047 943 1104 1000 est
1128 931 1133 942 '
1322 955 1334 994 u

62 1058 69 1109 1
155 1039 269 1103 XVIII.
309 1038 428 1116 Aliter,
460 1039 574 1122 iuquit,
605 1040 751 1124 loqueris,
775 1040 863 1106 aliter
886 1043 971 1106 uiuis.
1026 1041 1103 1119 hoc,
1136 1041 1293 1124 malignis·

7 1207 8 1222 ,
83 1151 147 1212 sima
167 1147 270 1230 capita
293 1157 326 1211 et
350 1147 472 1228 optImo
501 1149 613 1230 cuique
643 1148 870 1224 inimicissima,
894 1148 1016 1212 Platoni
1048 1149 1209 1214 obiectum
1238 1159 1294 1226 est,

7 1261 8 1288 ³
83 1254 224 1318 obiectum
259 1251 416 1336 Epicuro,
448 1253 608 1318 obiectum
632 1255 760 1318 Zenoni.
808 1275 920 1318 omnes
951 1259 1035 1320 enim
1066 1257 1115 1320 isti
1146 1257 1295 1320 dicebant

82 1381 132 1424 non
153 1361 425 1444 quemadmodum
449 1363 508 1444 ipsi
530 1365 686 1438 uiuerent,
709 1363 767 1424 sed
790 1363 1063 1444 quemadmodum
1088 1373 1172 1428 esset
1197 1363 1292 1446 [ipsis]

7 1493 9 1534 l
83 1467 241 1530 uiuendum.
274 1465 315 1531 de
340 1471 462 1542 uirtute,
486 1487 549 1530 non
573 1469 615 1531 de
637 1488 690 1530 me
713 1467 836 1549 loquor,
860 1477 987 1532 etcum
1013 1469 1094 1534 uitiis
1117 1472 1293 1534 conuicium
1312 1486 1334 1526 ιο

7 1559 9 1578 ’
83 1573 155 1650 latio,
178 1574 208 1636 in
230 1575 339 1658 primis
363 1577 441 1638 meis
464 1573 561 1638 facio:
588 1594 660 1638 cum
684 1585 828 1656 potuero,
853 1577 956 1640 uiuam
973 1577 1139 1658 quomodo
1156 1583 1293 1658 oportet.

7 1651 9 1798 l
58 1697 127 1746 inec
148 1679 325 1763 malignitas
350 1683 486 1745 meista
509 1680 610 1746 multo
635 1701 758 1745 ueneno
781 1685 880 1747 tincta
904 1683 1076 1748 deterrebit
1100 1683 1141 1747 ab
1156 1685 1293 1765 optimis.

8 1799 9 1866 ξ
82 1809 113 1849 ne
136 1791 215 1852 uirus
238 1789 368 1870 quidem
391 1789 492 1864 istud,
523 1809 587 1869 quo
611 1789 689 1854 alios
711 1792 876 1872 spargitis,
907 1809 971 1872 quo
995 1809 1053 1852 uos
1075 1792 1211 1867 necatis,
1243 1809 1295 1853 me
1344 1851 1348 1860 ,

7 1869 9 1984 l
81 1896 220 1976 inpediet,
251 1916 316 1977 quo
349 1899 451 1958 minus
481 1915 682 1977 perseuerem
714 1895 843 1960 laudare
867 1899 982 1973 uitam,
1013 1917 1197 1980 nonquam
1223 1917 1295 1979 ago,

7 2001 9 2064 j
82 2003 127 2064 sed
146 2023 239 2086 quam
264 2003 425 2084 agendam
450 2005 523 2078 scio,
547 2022 612 2085 quo
636 2005 739 2067 minus
762 2006 911 2067 uirtutem
935 2005 1066 2067 adorem
1092 2015 1124 2068 et
1140 2023 1183 2067 ex
1198 2005 1294 2068 inter·
1312 2020 1335 2061 u

57 2122 68 2172 :3
82 2109 149 2172 uallo
172 2111 291 2192 ingenti
316 2108 532 2190 reptabundus
556 2129 678 2190 sequar.
715 2109 896 2192 expectabo
919 2109 1045 2186 scilicet,
1070 2121 1104 2175 ut
1126 2113 1294 2192 quicquam

82 2214 299 2280 maliuolentiae
323 2214 509 2279 inuiolatum
533 2219 583 2292 sit,
608 2219 656 2279 cui
681 2237 769 2280 sacer
792 2237 851 2280 nec
873 2216 1007 2280 Rutilius
1030 2216 1086 2280 fuit
1110 2237 1168 2280 nec
1192 2216 1295 2281 Cato?

81 2333 153 2386 curet
176 2321 293 2405 aliquis,
318 2343 358 2386 an
381 2325 448 2388 istis
471 2326 563 2388 nimis
587 2323 675 2388 diues
697 2326 848 2402 uideatur,
871 2324 985 2405 quibus
1000 2313 1294 2404 Demetrius'Cyni-

81 2449 124 2491 cus
145 2449 254 2511 pamm
278 2449 400 2511 pauper
424 2434 493 2494 est?
518 2433 618 2494 uirum
644 2433 830 2494 acerrimum
854 2441 886 2496 et
910 2439 1021 2495 contra
1044 2434 1151 2494 omnia
1166 2438 1296 2494 naturae

81 2535 221 2600 desideria
235 2543 442 2620 pugnantem,
466 2536 529 2600 hoc
544 2540 764 2620 pauperiorem
780 2559 876 2621 quam
892 2548 1017 2602 ceteros
1034 2537 1181 2620 Cynicos,
1198 2537 1294 2621 quod,
1309 2552 1335 2594 2⁰

81 2664 139 2705 cum
168 2643 226 2707 sibi
257 2644 458 2708 interdixerit
487 2643 622 2722 habere,
654 2645 819 2710 interdixit
843 2654 875 2708 et
897 2665 1045 2727 poscere,
1076 2653 1195 2727 negant
1218 2648 1296 2710 satis

7 2769 8 2780 ³
82 2769 169 2830 egere.
214 2751 304 2814 uides
336 2752 439 2813 enim?
479 2772 543 2814 non
574 2753 696 2815 uirtutis
734 2753 900 2816 scientiam
938 2753 996 2814 sed
1032 2755 1183 2834 egestatis
1220 2771 1294 2834 pro·

81 2854 166 2920 lessus
188 2866 245 2921 est.

58 2973 66 3023 l
156 2964 241 3026 XIX.
284 2965 485 3040 Diodorum,
510 2965 700 3046 Epicureum
725 2964 968 3049 philosophum,
996 2969 1049 3047 qui
1071 2969 1155 3030 intra
1177 2985 1295 3047 paucos

80 3070 136 3133 dies
158 3071 251 3135 finem
277 3074 362 3136 uitae
385 3091 461 3134 suae
484 3092 579 3135 manu
602 3092 659 3135 sua
681 3075 835 3155 inposuit,
859 3082 977 3154 negant
1000 3094 1042 3136 ex
1067 3073 1206 3158 decreto
1220 3073 1294 3155 Epi·
1310 3089 1335 3128 ²⁵

192 3233 276 3240 ----—-

81 3317 91 3368 l
115 3322 207 3384 perueni
231 3323 258 3373 et
276 3319 418 3385 perueniam
438 3317 602 3374 detmores:
630 3322 715 3386 puenit
734 3323 760 3374 el
778 3322 879 3387 pueniat
1006 3320 1022 3374 2
1045 3336 1170 3386 compono

80 3405 93 3458 3
110 3409 251 3459 uerminetur
270 3405 411 3462 Muretus:
439 3411 604 3459 ueramInatur
694 3415 851 3476 comparatus
870 3407 1036 3464 deteriores:
1057 3411 1212 3475 consparatui

80 3494 93 3546 l
115 3498 202 3550 debiles
222 3494 395 3552 Gronout'us:
417 3497 506 3548 debilis
608 3515 691 3548 cursor
711 3499 750 3565 (or
768 3497 796 3550 in
814 3497 882 3566 raa)
978 3499 1110 3566 egoenim
1129 3495 1227 3569 sculpo:
1254 3505 1296 3550 enl

80 3600 120 3650 ego
138 3587 259 3656 (praeter
277 3603 311 3652 go
330 3584 358 3641 in
377 3587 443 3654 rur.)
468 3586 507 3640 itu
526 3594 556 3641 ut
574 3587 698 3642 conicere
724 3584 805 3642 liceat
829 3605 887 3638 nam
912 3604 974 3654 eg03
1001 3585 1039 3657 cs.
1059 3585 1093 3642 dc
1111 3586 1154 3640 ira
1174 3590 1198 3655 ³,
1220 3590 1260 3650 12,
1279 3584 1296 3639 7

81 3676 112 3734 lu,
129 3675 210 3743 inquit,
230 3675 383 3742 Speusippo,
408 3677 530 3727 seruolum
550 3678 621 3727 istum
641 3677 782 3738 uerberibus
805 3677 926 3744 obiurga:
953 3693 1011 3728 nam
1030 3693 1077 3742 ego
1096 3678 1191 3730 irascor

81 3759 197 3830 deliquid
216 3764 244 3832 (d
265 3779 303 3818 ex
322 3775 332 3814 t
351 3765 435 3832 corr.)
527 3765 542 3820 6
563 3766 639 3831 inquit
658 3764 756 3836 uulso:
778 3767 857 3832 inquis
929 3766 944 3820 9
964 3767 1023 3832 ipsis
1041 3763 1152 3820 induxit
1164 3763 1297 3832 Muretus,

81 3852 249 3919 nequeenim
274 3850 363 3907 solum
388 3853 469 3924 Ipsis,
498 3852 549 3907 sed
571 3851 632 3908 aliis
656 3869 777 3924 quoquc,
801 3851 1028 3924 quemadmodum
1054 3853 1178 3908 uiuerent
1185 3894 1192 3921 ,
1212 3869 1296 3926 prac-

81 3937 203 4008 cipiebam
294 3941 328 3995 13
348 3959 392 3994 uos
410 3945 502 3994 necatis
522 3941 687 3998 deteriores:
709 3961 753 3994 uos
771 3945 867 4009 negatis
887 3942 968 4011 (mter
986 3961 1030 3996 uos
1048 3947 1075 3997 et
1092 3944 1188 4009 negatis
1202 3957 1297 4014 parua

81 4024 187 4097 lamma).
215 4029 298 4086 Recte
311 4029 435 4102 Eprius:
456 4029 560 4086 inuidia
579 4047 711 4087 uenenum
730 4047 809 4086 suum
828 4032 890 4103 ipra
910 4031 975 4087 bum
1058 4048 1098 4083 me
1116 4032 1233 4097 impediet
1252 4029 1297 4085 de·

60 4153 62 4158 -
81 4116 200 4174 tortores:
221 4135 252 4171 ne
271 4121 381 4186 inpediet
472 4120 505 4174 15
524 4124 636 4172 uirtutem
656 4123 758 4172 adorem
778 4120 838 4178 cod.
858 4125 884 4177 el
902 4125 1010 4177 ueteres
1028 4119 1166 4183 editiorem,
1184 4117 1298 4176 Fickert

81 4211 103 4257 et
119 4205 208 4264 Haase
231 4211 335 4261 adorem
351 4210 601 4279 praetermiserunt
696 4209 730 4264 18
754 4217 821 4262 curet
840 4209 949 4266 Haase:
971 4215 1053 4261 curet
1156 4207 1188 4262 19
1213 4215 1298 4260 nature

162 4297 193 4352 22
211 4300 280 4350 uides
299 4299 381 4350 enim?
401 4298 476 4368 quod
493 4297 565 4354 redit
583 4305 698 4370 quaesti.
712 4305 767 4356 nul.
782 4303 806 4362 7,
821 4303 864 4367 2⁷,
876 4304 892 4354 4
906 4297 1006 4354 iur'uria
1018 4300 1159 4368 suspectat
1171 4295 1295 4368 Maduip;

82 4382 166 4454 alr'quo
183 4387 261 4443 modo
279 4386 368 4443 simile
385 4403 446 4459 epp.
462 4391 503 4451 li,
518 4389 550 4440 18
569 4390 651 4440 uiuere
670 4390 720 4440 uis:
742 4389 790 4439 scis
809 4390 891 4440 enim?
942 4393 946 4404 '
983 4385 1017 4440 24
1035 4387 1161 4452 epicurum
1175 4385 1297 4437 filosoium

164 4475 194 4530 25
213 4479 329 4544 Imposuit
