3234 5336
494 303 574 346 nint..
595 303 635 347 lll.
657 303 696 344 DE
716 304 766 346 lRll
786 304 841 349 ΗΒ.
863 305 879 348 Ι.
899 309 920 348 8.
940 310 960 349 i.
1220 267 1222 278 '
1291 314 1333 377 39

124 457 275 530 utramque
312 449 425 512 dicitur
462 448 544 512 feras
582 449 669 512 irasci
709 469 767 512 nec
805 449 911 512 iniuria
950 450 1089 514 inritatas
1120 471 1179 514 nec
1208 472 1333 534 poenae

124 554 267 617 dolorisue
305 556 396 618 alieni
435 575 536 618 causa.
583 575 657 618 nam
697 557 818 618 etiamsi
857 555 935 619 haec
974 556 1120 635 efficiunt,
1160 579 1224 621 non
1255 558 1334 624 haec
1405 595 1406 602 κ

42 705 44 758 ἶ
97 665 228 742 tpetunt.
273 661 329 724 sed
369 663 538 724 dicendum
570 672 619 725 est
648 661 729 724 ieras
768 663 812 724 ira
850 682 956 725 carere
995 673 1027 726 et
1064 665 1173 728 omnia
1209 676 1334 748 praeter

41 794 42 858 j
123 767 278 830 hominem.
324 789 398 831 nam
423 789 493 831 cum
517 769 557 832 sit
580 769 703 832 inimica
725 769 852 845 rationi,
880 790 1035 852 nusquam
1059 779 1166 833 tamen
1190 771 1333 849 nascitur,

41 865 42 870 ’
122 873 169 934 nisi
195 873 245 936 ubi
267 876 380 937 rationi
403 875 491 938 locus
515 884 571 938 est.
617 876 741 958 inpetus
764 875 884 940 habent
900 876 993 953 serae,
1017 877 1145 953 rabiem,
1169 876 1333 953 feritatem,
1362 895 1375 936 s

39 1009 40 1016 κ
123 980 282 1044 incursum:
308 982 387 1043 iram
411 983 539 1064 quidem
564 1002 629 1046 non
645 983 746 1062 magis
762 1003 857 1063 quam
874 981 1038 1046 luxuriam.
1085 984 1162 1046 etin
1179 983 1334 1063 quasdam

96 1085 287 1168 iuoluptates
315 1088 610 1170 intemperantiores
638 1088 767 1152 homine
798 1098 878 1153 sunt.
931 1109 995 1152 non
1027 1099 1075 1152 est
1105 1093 1192 1172 quod
1224 1092 1335 1152 credas

121 1190 155 1252 illi
174 1193 222 1274 qui
247 1194 340 1257 dicit:

365 1323 421 1362 nan
444 1313 515 1380 aper
535 1304 625 1362 irasci
646 1305 779 1378 meminit,
804 1323 860 1364 nan
873 1305 969 1382 fidere
992 1323 1076 1362 cursa

364 1410 449 1450 cerna
472 1411 522 1452 nec
545 1393 680 1452 armentis
703 1395 847 1450 incurrere
861 1394 991 1470 sartr'bus
1014 1394 1082 1454 arsi.
1349 1423 1375 1464 ω

95 1525 100 1536 ι
120 1492 196 1554 irasci
218 1493 291 1556 dicit
315 1495 441 1571 incitari,
465 1497 591 1578 inpingi.
637 1497 725 1559 irasci
748 1497 877 1578 quidem
901 1516 965 1558 non
989 1497 1089 1578 magis
1112 1497 1213 1559 sciunt
1236 1517 1331 1578 quam

94 1598 277 1680 lignoscere.
321 1610 410 1664 muta
430 1602 575 1666 animalia
591 1603 735 1665 humanis
751 1602 926 1665 adfectibus
943 1612 1059 1678 carent,
1083 1602 1202 1665 habent
1226 1612 1333 1666 autem

119 1705 221 1768 similes
251 1707 307 1770 illis
339 1710 496 1790 quosdam
528 1708 686 1791 inpulsus:
721 1708 836 1791 alioqui
867 1709 892 1772 si
924 1729 1015 1771 amor
1045 1709 1076 1770 in
1106 1708 1162 1770 illis
1186 1718 1277 1784 esset,
1301 1719 1333 1772 et

119 1811 214 1876 odium
243 1824 335 1878 esset.
381 1815 406 1877 si
430 1817 572 1892 amicitia,
597 1824 629 1878 et
652 1815 802 1880 simultas.
848 1816 874 1878 si
898 1815 1060 1890 dissensio,
1083 1825 1115 1878 et
1139 1816 1329 1880 concordia:

118 1937 239 1998 quorum
264 1921 368 2002 aliqua
391 1923 421 1984 in
443 1921 501 1984 illis
524 1943 652 2004 quoque
672 1931 785 1985 extant
800 1923 939 2002 uestigia,
964 1930 1104 1984 ceterum
1121 1920 1332 1984 humanorum
1348 1943 1373 1986 n

92 2030 270 2106 tpectorum
294 2029 422 2112 propria
449 2029 535 2092 bona
558 2028 704 2111 malaque
728 2038 808 2091 sunt.
854 2028 928 2090 nulli
955 2028 1011 2090 nisi
1040 2027 1157 2090 homini
1182 2048 1333 2090 concessa

117 2135 271 2213 prudentia
294 2145 351 2210 est,
375 2137 583 2219 prouidentia,
608 2134 777 2218 diligentia,
801 2135 961 2216 cogitatio
1008 2155 1066 2196 nec
1090 2142 1211 2196 tantum
1238 2135 1330 2197 uirtu-

117 2238 190 2301 tibus
219 2239 364 2304 humanis
395 2242 552 2317 animalia,
592 2244 649 2305 sed
680 2243 777 2304 etiarn
816 2241 894 2304 uitiis
932 2238 1091 2322 prohibita
1128 2249 1208 2304 sunt.
1262 2249 1333 2302 tota

116 2344 228 2408 illorum
252 2357 286 2410 ut
310 2356 403 2410 extra
432 2349 475 2411 ita
505 2350 585 2411 intra
616 2348 719 2411 forma
750 2348 907 2410 humanae
937 2345 1093 2409 dissimilis
1122 2355 1184 2409 est:
1210 2347 1330 2428 regium

117 2461 157 2514 est
185 2452 256 2516 illud
288 2463 320 2517 et
348 2455 517 2537 principale
547 2454 636 2517 aliter
666 2454 806 2518 ductum.
853 2461 887 2516 ut
918 2473 984 2516 uox
1024 2462 1072 2516 est
1102 2453 1245 2534 quidem,
1273 2453 1330 2514 sed
1345 2473 1371 2514 n

116 2577 173 2620 non
194 2561 400 2643 explanabilis
431 2571 463 2624 et
490 2561 676 2644 perturbata
706 2571 738 2623 et
762 2561 933 2624 uerborum
964 2557 1126 2636 inefficax,
1159 2567 1193 2622 ut
1215 2557 1330 2640 lingua,

116 2666 165 2727 sed
195 2668 341 2730 deuincta
368 2687 427 2730 nec
457 2669 488 2732 in
519 2677 626 2730 motus
656 2668 760 2730 uarios
791 2667 911 2730 soluta:
948 2667 992 2729 ita
1023 2667 1124 2748 ipsum
1161 2663 1330 2748 principale

115 2790 216 2852 parum
239 2773 361 2856 suptile,
383 2795 495 2856 parum
519 2787 678 2838 exactum.
724 2774 809 2855 capit
832 2793 909 2855 ergo
926 2773 1010 2835 uisus
1026 2773 1209 2854 speciesque
1226 2791 1329 2834 rerum

89 2877 218 2958 liquibus
240 2881 281 2942 ad
305 2881 429 2962 inpetus
453 2890 614 2957 euocetur,
638 2882 695 2944 sed
719 2881 861 2944 turbidas
881 2889 914 2942 et
935 2877 1088 2942 confusas.
1127 2899 1169 2940 ex
1194 2897 1232 2940 eo
1256 2897 1329 2960 pro-

116 3003 213 3048 cursus
234 2985 358 3050 illorum
383 2987 598 3070 tumultusque
622 2987 828 3050 uehementes
851 2997 932 3062 sunt,
956 2994 1059 3048 metus
1087 2994 1194 3046 autem
1218 2983 1327 3046 sollici·
1343 3001 1370 3044 25

116 3093 291 3175 tudinesque
315 3103 347 3156 et
370 3095 493 3157 tristitia
521 3103 553 3157 et
584 3094 629 3157 ira
652 3115 715 3157 non
739 3102 829 3170 sunt,
858 3094 915 3156 sed
943 3091 990 3154 his
1014 3091 1172 3173 quaedam
1201 3089 1326 3153 similia:

116 3196 178 3259 ideo
208 3201 270 3262 cito
303 3202 421 3263 cadunt
453 3211 485 3264 et
514 3209 676 3264 mutantur
707 3201 738 3263 in
774 3200 966 3262 contrarium
1003 3207 1036 3260 et
1067 3217 1138 3259 curn
1178 3198 1330 3259 acerrime

116 3305 279 3371 saeuierunt
306 3317 583 3389 expaueruntque,
618 3316 789 3390 pascuntur
821 3313 853 3368 et
881 3325 923 3368 ex
961 3301 1086 3367 fremitu
1125 3303 1329 3385 discursuque

117 3431 221 3475 uesano
244 3415 351 3478 statim
375 3415 463 3496 quies
488 3435 650 3496 soporque
672 3414 821 3495 sequitur.

89 3527 99 3578 1
191 3519 245 3582 IV.
293 3519 380 3602 Quid
404 3521 487 3583 ess'et
510 3521 555 3583 ira
577 3521 652 3582 satis
675 3519 858 3602 explicitum
883 3526 939 3582 est.
985 3537 1050 3598 quo
1079 3517 1173 3578 distet
1204 3516 1245 3578 ab
1270 3516 1326 3578 ira·
1343 3535 1369 3575 so

115 3626 214 3686 cundia
237 3635 388 3708 apparet:
414 3647 479 3708 quo
504 3626 607 3689 ebrius
631 3627 672 3688 ab
696 3625 823 3688 ebrioso
846 3634 880 3687 et
902 3625 1051 3687 timensa
1073 3623 1194 3685 timido.
1233 3624 1327 3684 iratus

114 3739 314 3752 ξ*-

117 3797 240 3852 lirritatas
260 3802 352 3873 (prior
370 3819 382 3850 r
400 3803 485 3867 corr.)
617 3818 679 3867 piene
815 3799 829 3854 7
849 3801 985 3865 uoluptates
1005 3797 1069 3852 iibri
1081 3795 1227 3868 plerique:
1242 3798 1327 3847 uolun-

111 3892 164 3938 tates
272 3889 490 3956 ilnonaperirasci
510 3891 555 3958 (eri
574 3905 646 3944 corr.
666 3889 693 3942 in
713 3889 781 3956 ras.)
837 3943 844 3956 ,
900 3889 931 3943 12
950 3889 1060 3946 affectib;
1185 3885 1214 3939 13
1235 3886 1327 3952 alioqui

206 3981 226 4028 si
245 3995 317 4028 amor
335 3981 359 4029 in
378 3981 426 4029 illis
439 3985 500 4030 esset
523 3980 663 4046 etodium,
689 3983 751 4030 esset
764 3978 874 4028 amicitia
894 3987 917 4028 et
937 3978 1060 4044 simultas,
1087 3976 1206 4026 dissensio
1225 3981 1248 4024 et
1268 3991 1326 4024 con-

110 4067 186 4116 cordia
205 4065 319 4138 Maduip
335 4065 518 4138 probabiliter
600 4067 632 4122 19
651 4068 744 4133 regium
765 4095 798 4104 -
818 4065 852 4119 20
872 4066 970 4116 ductum
988 4063 1102 4118 induxit
1119 4062 1220 4130 Haase,
1239 4059 1326 4116 uindi-

110 4154 173 4207 canit
190 4154 304 4226 Maduip
379 4159 473 4222 regium
492 4163 527 4207 est
547 4151 709 4210 Pincianus:
730 4160 833 4221 regumn
905 4153 940 4208 20
959 4155 1020 4205 illud
1039 4153 1067 4222 (d
1086 4169 1123 4208 ex
1143 4159 1152 4203 t
1171 4151 1254 4222 corr.)

110 4247 131 4290 ut
147 4243 172 4294 in
190 4259 244 4299 ras.
341 4245 373 4300 23
393 4247 490 4304 subtile.
509 4243 560 4299 aad
577 4247 593 4295 b
613 4259 686 4299 corr.
787 4243 820 4298 24
840 4245 945 4310 impetus
1047 4243 1080 4297 25
1101 4243 1197 4294 illorum
1217 4241 1325 4302 Haase:

110 4383 169 4443 illati
274 4333 434 4450 illlnesano,
453 4387 481 4439 in
500 4403 586 4457 marp,
607 4403 640 4441 m.
661 4332 786 4440 llresano
