3212 5326
326 357 367 417 60
682 355 687 368 .
706 347 784 390 nint.
801 348 839 390 1v.
867 347 908 388 nn
922 347 975 388 mn
989 347 1043 388 un.
1059 347 1088 389 11.
1107 351 1127 392 s.
1145 350 1164 392 i.

415 496 471 559 VI.
518 497 635 570 Virtus
659 497 765 577 inquit,
789 503 823 557 ut
843 494 984 556 honestis
1005 494 1099 557 rebus
1115 495 1251 576 propitia
1271 502 1327 568 est,
1351 494 1394 556 ita
1410 493 1552 576 turpibusl

325 604 405 665 irata
436 622 505 666 esse
528 603 635 668 debet.
681 602 757 684 quid
780 602 805 664 si
834 601 920 663 dicat
942 601 1090 662 uirtutem
1115 610 1147 665 et
1169 599 1321 662 humilem
1345 609 1378 662 et
1402 621 1531 680 magnam

327 730 396 772 esse
427 708 565 772 debere?
596 695 681 790 atqui
711 707 775 770 hoc
806 708 896 782 dicit,
927 707 980 789 qui
1010 706 1095 768 illam
1123 706 1234 768 extolli
1264 705 1331 768 uult
1355 715 1387 768 et
1410 701 1533 788 deprimi,

327 816 476 897 quoniam
500 815 616 878 laetitia
648 815 692 876 ob
719 824 806 878 recte
837 812 953 876 lactum
985 813 1069 875 clara
1102 811 1331 894 magnificaque
1355 821 1413 888 est,
1442 813 1485 874 ira
1503 813 1533 874 ob

301 921 464 984 talienum
487 930 653 1004 peccatum
677 920 806 982 sordida
837 928 870 982 et
899 921 1023 1001 angusti
1053 920 1190 1000 pectoris
1219 928 1275 982 est.
1321 938 1380 981 nec
1403 922 1556 1000 umquaml

328 1029 507 1089 committet
523 1029 628 1103 uirtuS,
644 1036 679 1088 ut
695 1027 776 1102 uitia,
792 1027 869 1089 dum
886 1027 1058 1107 conpescit,
1073 1027 1232 1088 imitetur:
1250 1027 1329 1088 iram
1345 1026 1447 1105 ipsam
1463 1026 1533 1086 casti-
1583 1055 1584 1070 r

328 1135 467 1214 gandam
484 1133 589 1208 habet,
610 1155 692 1215 quae
708 1132 804 1194 nihilo
820 1131 932 1195 melior
947 1141 1003 1208 est,
1027 1151 1123 1214 saepe
1139 1133 1235 1194 etiam
1250 1133 1339 1214 peior
1354 1131 1402 1194 his
1425 1131 1534 1204 delictis,

307 1238 440 1322 quibus
463 1241 610 1303 irascitur.
657 1240 796 1320 gaudere
820 1239 991 1321 laetarique
1015 1238 1177 1322 proprium
1201 1247 1233 1300 et
1264 1237 1406 1300 naturale
1435 1239 1535 1300 uirtutis

329 1355 396 1409 est:
422 1347 601 1430 irascinnon
625 1355 738 1408 estex
762 1347 916 1427 dignitate
947 1346 1029 1420 eius,
1059 1365 1124 1406 non
1156 1345 1258 1426 magis
1285 1363 1381 1425 quam
1405 1364 1534 1408 maerere.

291 1475 314 1516 ιο
328 1453 414 1535 atqui
437 1453 613 1515 iracundiae
636 1453 760 1514 tristitia
782 1472 891 1514 comes
921 1462 971 1513 est
994 1460 1026 1512 et
1049 1452 1079 1514 in
1112 1450 1192 1513 hanc
1215 1452 1318 1512 omnis
1341 1452 1387 1512 ira
1409 1450 1459 1512 uel
1480 1459 1536 1531 post
1584 1485 1585 1544 ἐ

328 1561 553 1641 paenitentiam
583 1559 634 1620 uel
669 1568 743 1640 post
774 1557 931 1640 repulsam
963 1557 1140 1620 reuoluitur.
1194 1566 1226 1618 et
1257 1559 1282 1619 si
1320 1558 1469 1639 sapientis
1501 1565 1536 1617 est
1549 1571 1558 1613 :l
1584 1549 1585 1560 .

329 1666 466 1747 peccatis
489 1667 596 1740 irasci,
627 1666 728 1746 magis
755 1665 905 1727 irascetur
933 1663 1105 1726 maioribus
1129 1671 1162 1726 et
1191 1684 1288 1746 saepe
1311 1665 1478 1726 irascetur:
1501 1683 1536 1724 se-

330 1773 440 1852 quitur,
471 1781 504 1832 ut
534 1792 599 1832 non
630 1779 752 1833 tantum
784 1772 879 1833 iratus
902 1771 942 1833 sit
965 1771 1098 1852 sapiens,
1122 1771 1179 1832 sed
1202 1769 1377 1832 iracundus.
1423 1771 1502 1850 atqui
1519 1769 1537 1829 si

330 1897 389 1939 nec
412 1891 562 1958 magnam
586 1879 664 1939 iram
688 1897 747 1939 nec
763 1875 960 1957 frequentem
984 1877 1014 1938 in
1031 1878 1137 1938 animo
1152 1877 1301 1958 sapientis
1316 1876 1422 1938 locum
1438 1875 1537 1937 habere
1585 1893 1586 1942 l

292 2007 315 2046 ιε
331 1985 497 2058 credimus,
520 1985 594 2065 quid
611 1993 667 2058 est,
690 2004 788 2066 quare
810 2003 875 2045 non
898 2002 941 2044 ex
957 1991 1028 2045 toto
1043 1981 1128 2044 illum
1146 1982 1208 2045 hoc
1224 1982 1350 2045 adiectu
1366 1982 1536 2045 liberemus?

330 2091 445 2152 modus
477 2091 560 2152 enirn
591 2110 660 2152 esse
688 2109 752 2152 non
783 2098 906 2171 potest,
938 2090 963 2150 si
990 2109 1051 2169 pro
1081 2087 1165 2150 iacto
1189 2090 1337 2171 cuiusque
1359 2089 1560 2150 irascenduml

331 2205 388 2258 est.
432 2216 507 2258 nam
531 2205 585 2257 aut
608 2197 728 2277 iniquus
753 2196 819 2271 erit,
850 2196 875 2257 si
898 2193 1071 2276 aequaliter
1093 2185 1244 2257 irascetur
1267 2195 1388 2257 delictis
1411 2196 1537 2276 inaequa-

330 2301 426 2377 libus,
460 2312 514 2364 aut
543 2303 813 2376 iracundissimus,
851 2303 877 2362 si
907 2302 1024 2363 totiens
1056 2300 1260 2363 excanduerit
1298 2303 1441 2382 quotiens
1476 2302 1539 2362 iram
1586 2325 1587 2376 l

331 2407 450 2470 scelera
474 2410 652 2471 meruerint.

291 2535 318 2576 20
421 2515 491 2576 VIL
535 2515 580 2576 Et
610 2516 685 2595 quid
715 2515 871 2595 indignius
902 2505 998 2596 quam
1029 2513 1178 2595 sapientis
1208 2511 1370 2575 adiectum
1394 2534 1435 2575 ex
1456 2512 1559 2574 alienat

332 2621 471 2703 pendere
509 2621 666 2702 nequitia?
705 2620 828 2683 desinet
858 2619 908 2682 ille
940 2619 1088 2684 Socrates
1127 2639 1222 2702 posse
1261 2622 1400 2683 eundem
1437 2618 1539 2681 uoltum

333 2729 465 2790 domum
497 2725 627 2801 referre,
659 2747 755 2808 quem
786 2727 886 2788 domo
918 2725 1084 2788 extulerat.
1137 2736 1232 2807 atque
1260 2728 1286 2788 si
1316 2727 1406 2788 irasci
1434 2726 1539 2807 sapiens

332 2835 463 2915 turpiter
493 2832 582 2895 sactis
613 2833 711 2895 debet
743 2841 775 2893 et
808 2833 957 2894 concitari
982 2831 1221 2912 contristarique
1252 2832 1297 2894 ob
1319 2832 1452 2906 scelera,
1481 2828 1540 2892 nihil

334 2948 381 3002 est
404 2939 618 3002 aerumnosius
642 2940 802 3019 sapiente:
836 2939 939 3000 omnis
962 2937 1003 2999 illi
1025 2958 1084 3019 per
1105 2938 1296 3001 iracundiam
1320 2954 1540 3017 maeroremque

293 3065 320 3106 :s
334 3047 398 3107 uita
420 3046 572 3107 transibit.
618 3046 706 3127 quod
737 3045 821 3106 enim
853 3052 1052 3125 momentum
1083 3046 1153 3119 erit,
1182 3065 1246 3125 quo
1276 3064 1341 3106 non
1364 3039 1564 3126 inprobanda:

334 3152 460 3212 uideat?
491 3153 637 3232 quotiens
667 3151 856 3232 processerit
887 3151 1001 3224 domo,
1033 3170 1091 3230 per
1121 3149 1292 3212 sceleratos
1322 3150 1364 3212 illi
1387 3166 1541 3228 auarosque

335 3267 367 3319 et
390 3258 541 3339 prodigos
565 3266 597 3319 et
620 3258 798 3339 inpudentis
822 3265 855 3317 et
878 3256 922 3319 ob
946 3257 1006 3318 ista
1029 3254 1134 3318 felices
1150 3257 1361 3319 incedendum
1385 3258 1449 3319 erit.
1482 3274 1541 3315 nus·

335 3383 430 3446 quam
461 3362 543 3425 oculi
573 3365 639 3425 eius
669 3362 851 3438 flectentur,
884 3372 918 3424 ut
948 3382 1013 3423 non
1045 3365 1133 3444 quod
1163 3364 1366 3443 indignentur
1395 3363 1542 3426 inueniant.

336 3468 476 3544 deficiet,
514 3470 539 3530 si
572 3470 688 3532 totiens
719 3488 738 3530 a
773 3489 807 3531 se
845 3449 924 3531 irani
955 3471 1101 3549 quotiens
1137 3489 1231 3531 causa
1260 3478 1373 3551 poscet
1411 3466 1541 3548 exegerit.

296 3599 322 3638 ³0
336 3575 415 3637 haec
445 3584 495 3638 tot
523 3576 607 3638 milia
638 3577 679 3637 ad
710 3573 814 3637 forum
842 3575 944 3656 prima
974 3573 1044 3637 luce
1081 3577 1284 3658 properantia
1320 3597 1430 3658 quarnx
1452 3584 1542 3652 turpes
1557 3581 1568 3628 :l

335 3681 414 3757 lites,
453 3690 573 3763 quanto
612 3682 767 3765 turpiores
805 3682 979 3743 aduocatos
1017 3681 1156 3743 habent?
1202 3681 1278 3744 alius
1315 3683 1428 3745 iudicia
1461 3677 1542 3761 patris

337 3869 548 3877 -—·.——-,

337 4001 441 4053 2dicat
460 3997 589 4068 Maduip:
611 4001 706 4048 dicatur
781 3999 978 4065 4magnificaq3
1000 3999 1025 4066 (3
1046 3998 1073 4050 in
1092 4003 1161 4067 ras.)
1243 4000 1318 4052 dira
1335 4001 1392 4065 ipsit
1409 4012 1460 4050 lton
1477 3997 1544 4059 ipsam

338 4092 400 4138 iram
421 4086 480 4142 cod.
572 4089 587 4140 l·
606 4089 676 4153 peior
693 4088 733 4137 his
752 4086 790 4154 (in
808 4087 875 4154 ras.)
965 4087 1099 4153 dictarim
1122 4087 1147 4154 (3
1169 4088 1196 4141 in
1214 4088 1282 4155 ras.)
1380 4089 1496 4150 9m9rere
1514 4081 1542 4144 (m

338 4177 422 4242 corr.)
533 4176 566 4230 10
586 4179 652 4241 atqui
672 4177 711 4242 (at
730 4174 814 4243 corr.)
924 4178 1067 4227 iracundiae
1088 4175 1143 4228 Eu
1164 4179 1292 4228 iracundia
1311 4185 1334 4228 et
1439 4175 1468 4226 13
1486 4169 1542 4232 alqul

337 4272 357 4333 (t
376 4281 415 4322 ex
433 4267 450 4316 d
469 4267 552 4330 corr.)
639 4263 671 4317 15
692 4267 780 4315 affectu
799 4264 893 4333 (prior
911 4266 923 4313 f
939 4281 954 4318 e
973 4264 1057 4332 corr.)
1144 4265 1178 4318 17
1196 4283 1254 4315 nam
1274 4273 1316 4316 aut
1332 4264 1463 4337 plerique:
1480 4259 1510 4307 na
1522 4263 1542 4303 ut

428 4354 462 4406 20
481 4357 572 4406 affectu
593 4353 686 4423 (prior
703 4354 716 4402 f
732 4370 747 4406 e
766 4354 850 4418 corr.)
954 4352 988 4404 22
1007 4361 1079 4418 atque
1100 4350 1196 4406 Gertz:
1220 4356 1286 4420 atqui
1382 4351 1413 4406 24
1430 4337 1540 4411 empnosi'

340 4445 413 4510 (ante
431 4460 445 4492 e
463 4459 528 4506 ran,
548 4442 609 4496 ilem
628 4438 689 4492 nosi'
711 4441 794 4506 corr.)
885 4444 1010 4508 merorem
