3212 5318
207 259 224 286 Χ

180 365 182 372 ’
247 355 325 400 blata
336 355 374 400 Xi.
404 356 446 398 ΑΙ)
461 353 597 396 HELVlAM
614 353 744 396 Massam
761 353 800 396 DE
815 351 1058 398 coNsotstloNtt.
1089 357 1120 398 tn.
1139 357 1169 399 tl.
1187 315 1191 324 *
1256 357 1319 420 259

100 502 275 566 sestertium
299 502 439 566 centiens
463 501 645 584 conputauit
668 509 700 564 et
724 499 810 563 uelut
830 501 863 572 ,in
887 500 996 564 ultima
1019 498 1102 563 fame
1125 503 1274 576 uicturus,
1297 499 1323 562 si

65 625 88 679 10
101 610 124 670 in
146 609 296 672 sestertio
320 609 458 672 centiens
483 607 620 684 uixisset,
644 627 768 672 ueneno
792 608 889 672 uitam
912 606 1017 671 finiuit.
1064 615 1181 690 quanta
1201 606 1323 670 luxuria

11 795 13 812 ,
101 723 169 790 erat,
193 717 243 778 cui
269 717 407 780 centiens
430 716 609 790 sestertium
633 723 759 796 egestas
782 713 859 778 suit?
891 715 899 776 i
923 733 1005 778 nunc
1028 723 1061 778 et
1081 723 1158 797 puta
1173 714 1323 796 pecuniae

12 825 13 839 ¹
101 823 229 886 modum
262 823 304 884 ad
335 842 402 886 rem
426 822 590 904 pertinere,
615 842 678 884 non
702 821 805 884 animi.
851 822 1028 884 sestertium
1053 823 1192 885 centiens
1215 819 1323 901 aliquis

11 989 12 996 ,
100 930 240 992 extimuit
273 939 321 1004 et,
352 930 440 1010 quod
471 927 522 992 alii
545 939 622 992 uoto
646 937 773 1011 petunt,
806 947 928 992 ueneno
953 926 1051 1010 fugit?
1090 925 1133 990 illi
1157 947 1232 991 uero
1255 937 1349 990 tama

11 1055 13 1100 ;
56 1109 61 1122 ,
100 1056 212 1116 prauae
244 1036 359 1100 mentis
382 1035 502 1098 homini
525 1035 633 1098 ultima
655 1036 745 1117 potio
770 1031 973 1098 saluberrima
987 1034 1070 1098 tuit:
1104 1042 1179 1097 tunc
1203 1053 1324 1098 uenena

12 1151 13 1204 ἒ
100 1142 213 1206 edebat
237 1141 449 1224 bibebatque,
480 1162 551 1204 cum
576 1142 725 1206 inmensis
748 1141 847 1226 epulis
871 1161 933 1204 non
958 1140 1168 1204 delectaretur
1190 1150 1323 1216 tanturn,

11 1277 13 1320 ε
100 1252 150 1314 sed
173 1249 372 1331 gloriaretur,
396 1269 468 1312 cum
489 1249 563 1312 uitia
578 1269 635 1312 sua
651 1257 833 1322 ostentaret,
858 1268 929 1312 cum
946 1247 1105 1311 ciuitatem
1122 1249 1152 1310 in
1168 1247 1323 1310 luxuriam

101 1377 183 1420 suam
208 1364 425 1430 conuerteret,
458 1375 530 1418 curn
553 1355 748 1418 iuuentutem
772 1357 814 1417 ad
836 1355 1042 1418 imitationem
1066 1354 1112 1416 sui
1136 1352 1324 1430 sollicitaret,

12 1547 13 1552 ἵ
66 1465 189 1528 uetiam
215 1463 283 1524 sine
307 1461 395 1524 malis
419 1461 575 1543 exemplis
598 1481 656 1545 per
679 1481 712 1524 se
737 1461 883 1524 docilem.
931 1461 1009 1526 haec
1032 1461 1179 1524 accidunt
1201 1459 1324 1524 diuitias
1341 1477 1364 1516 ¹0

12 1575 13 1612 i
102 1591 159 1634 non
174 1571 218 1632 ad
236 1565 392 1632 rationem
409 1569 638 1644 reuocantibus,
655 1569 740 1632 cuius
757 1569 832 1630 certi
848 1567 926 1630 fines
942 1576 1022 1642 sunt,
1047 1568 1103 1630 sed
1120 1569 1160 1630 ad
1177 1567 1322 1630 uitiosam

101 1677 374 1752 consuetudinem,
406 1676 491 1738 cuius
521 1676 698 1738 inmensum
730 1685 762 1738 et
793 1674 1053 1756 inconprensibile
1084 1675 1243 1738 arbitrium
1268 1684 1323 1737 est.

102 1783 261 1866 cupiditati
292 1781 365 1845 nihil
398 1791 446 1844 est
474 1782 566 1857 satis,
598 1790 729 1844 naturae
751 1783 826 1844 satis
850 1789 898 1844 est
915 1783 1017 1844 'etiam
1040 1801 1160 1863 parum.
1206 1781 1324 1844 nullum

12 1923 13 1932 κ
102 1911 173 1972 ergo
198 1896 371 1970 paupertas
394 1887 495 1951 exulis
515 1889 754 1952 incommodum
771 1887 887 1951 habet:
915 1887 1034 1950 nullum
1051 1888 1134 1950 enim
1151 1898 1216 1950 tam
1232 1890 1324 1969 inops

12 1992 13 2080 Τ
103 1997 226 2060 exilium
252 2004 309 2070 est,
333 1996 420 2077 quod
444 2015 509 2056 non
533 1993 647 2058 alendo
671 1993 790 2057 homini
814 1995 941 2057 abunde
964 1993 1064 2058 fertile
1088 1995 1134 2056 sit.
1343 2011 1366 2049 rs

80 2116 86 2166 l
184 2103 241 2167 Xl.
274 2101 328 2164 An
363 2109 484 2164 uestem
516 2121 552 2164 ac
576 2102 710 2163 domurn
735 2101 967 2164 desideraturus
991 2108 1039 2162 est
1063 2100 1157 2162 exul?
1195 2101 1227 2160 si
1247 2101 1326 2163 haec

12 2253 13 2256 κ
104 2231 225 2292 quoque
249 2208 291 2270 ad
316 2227 405 2292 usum
430 2215 553 2270 tantum
577 2206 777 2283 desiderabit,
801 2227 903 2288 neque
923 2215 1042 2270 tectum
1064 2207 1091 2270 ei
1108 2207 1207 2268 deerit
1222 2226 1325 2288 neque

11 2351 13 2402 Q
105 2316 322 2380 uelamentum.
354 2333 454 2396 aeque
478 2315 561 2378 enirn
585 2316 702 2396 exiguo
726 2317 844 2394 tegitur
866 2333 980 2394 corpus
1003 2333 1098 2395 quam
1122 2312 1220 2376 alitur.
1251 2313 1324 2376 nihil
1424 2383 1428 2396 ¹

11 2407 13 2456 1
77 2423 218 2486 thomini
249 2430 377 2498 natura,
416 2422 503 2502 quod
535 2421 744 2484 necessarium
774 2419 925 2496 iaciebat,
963 2419 1036 2484 tecit
1066 2439 1245 2502 operosum.
1299 2422 1323 2483 si

106 2530 260 2592 desiderat
282 2538 421 2591 saturam
446 2527 546 2590 multo
560 2526 738 2618 ¹conchylio
761 2547 931 2609 purpuram
955 2528 1110 2590 intextam
1127 2547 1204 2589 auro
1221 2528 1324 2590 uariis·
1340 2541 1366 2580 20

106 2656 161 2716 que
191 2645 224 2699 et
256 2633 414 2698 coloribus
446 2634 624 2698 distinctam
658 2644 690 2697 et
720 2634 859 2696 artibusr
893 2654 957 2695 non
972 2632 1132 2696 .f0rtunae
1160 2635 1218 2696 iste
1242 2615 1326 2709 sitin,

106 2742 158 2804 sed
187 2761 247 2804 suo
270 2761 390 2824 pauper
414 2751 489 2818 est„
516 2742 638 2804 etiamsi
668 2741 709 2803 illi
737 2741 889 2822 quidquid
918 2741 1020 2802 amisit
1051 2741 1230 2814 restitueris,
1254 2740 1327 2803 nihil

108 2867 186 2928 ages.
232 2846 303 2929 plus
327 2849 410 2912 enim
434 2848 580 2910 restituto
604 2848 703 2910 deerit
727 2867 769 2910 ex
793 2867 848 2922 e0,
880 2847 967 2928 quod
991 2847 1091 2927 cupit,
1123 2865 1218 2926 quam
1243 2846 1327 2908 exuli

79 2963 91 3014 :l
108 2973 145 3016 ex
161 2975 207 3030 e0,
229 2954 317 3037 quod
333 2953 450 3016 habuit.
481 2954 505 3016 si
523 2955 681 3018 desiderat
697 2954 798 3016 aureis
814 2952 987 3034 fulgentem
1004 2953 1085 3015 uasis
1101 2951 1326 3034 supellectilem

107 3067 136 3121 et
165 3061 302 3143 antiquis·
331 3060 509 3123 nominibus
541 3060 693 3123 artificum
725 3067 892 3140 argentum
923 3058 1044 3134 nobile,
1075 3079 1128 3120 aes
1151 3077 1325 3140 paucorum
1340 3074 1367 3112 2⁶

108 3165 219 3229 insania
249 3167 423 3248 pretiosum
455 3175 487 3228 et
517 3187 681 3229 seruorum
713 3166 855 3242 turbam,
890 3184 972 3247 quae
1002 3166 1146 3246 quamuis
1177 3185 1327 3246 magnam

110 3273 234 3335 domum
251 3281 409 3354 angustet,
430 3276 641 3336 iumentorum
659 3291 793 3356 corpora
808 3272 932 3335 differta
948 3282 980 3335 et
997 3281 1109 3334 coacta
1124 3275 1328 3353 pinguescere

111 3483 120 3532 't
142 3486 272 3536 sestertium
288 3483 309 3552 (s
323 3481 369 3538 au.
383 3481 410 3536 in
424 3485 492 3550 ras.)
505 3486 595 3536 centies
609 3483 631 3548 (s
643 3499 714 3538 corr.
729 3484 756 3538 t'n
770 3485 837 3548 ras.)
856 3481 859 3488 ¹
911 3483 927 3535 2
946 3466 1029 3534 sest-tio
1049 3483 1098 3550 (ses
1110 3483 1138 3538 in
1150 3482 1218 3552 rae.)
1238 3487 1328 3536 centies

192 3572 207 3626 3
227 3574 319 3624 centies
337 3589 374 3623 ses
394 3574 467 3624 tertit‘t
558 3574 647 3623 inune
667 3570 831 3626 Pincianus:
853 3573 926 3622 inuno
1017 3572 1033 3624 4
1052 3574 1162 3624 sestertii]
1184 3575 1274 3624 centies
1293 3575 1330 3638 (se

112 3701 134 3746 et
151 3687 270 3752 ultimas
290 3697 317 3750 in
336 3666 405 3764 ruis.)
497 3697 512 3749 i)
538 3673 580 3748 uli¹
671 3699 687 3750 ti
712 3697 872 3747 saluberrima
891 3695 928 3764 (sa
947 3696 973 3749 th
993 3697 1061 3763 ras.)
1146 3696 1179 3756 ,7
1204 3699 1329 3746 immensis

88 3803 93 3815 “
194 3787 225 3840 13
251 3792 337 3838 nature
355 3788 414 3837 satis
433 3786 456 3855 (e
475 3788 533 3837 satis
552 3787 580 3838 iu
599 3788 666 3852 ras.)
760 3786 791 3838 15
817 3785 914 3836 exilium
933 3785 1032 3856 sculpo:
1053 3788 1130 3838 exitiu
1241 3788 1277 3836 sit.
1298 3803 1329 3835 an

114 3875 137 3936 (t.
155 3891 168 3925 a
185 3874 211 3928 ira
229 3877 297 3941 ras)
426 3875 456 3928 tti
480 3878 500 3925 si
518 3877 581 3926 haec
600 3872 725 3928 Muretus
750 3875 779 3940 (si
797 3875 847 3925 hoc
866 3871 1040 3942 Mucianum:
1067 3877 1114 3941 hac
1134 3875 1199 3941 (ras.
1219 3877 1282 3928 aute
1299 3875 1329 3939 h)

196 3965 227 4019 18
249 3965 327 4015 nichil
346 3965 374 4031 (n
393 3964 419 4017 tn
439 3969 506 4025 ras.)
602 3965 631 4017 lll
656 3966 676 4014 si
696 3960 858 4016 Pinciattus:
880 3965 923 4013 sed
1000 3963 1048 4016 '20
1072 3969 1179 4014 saturam
1198 3960 1327 4033 Mudut'p:

115 4101 319 4174 saturatYth'n
338 4122 394 4162 ras.
415 4107 493 4160 unius
509 4105 573 4174 sere
591 4105 708 4173 litterae)
806 4063 920 4170 cohhylio
1020 4105 1051 4158 21
1079 4105 1185 4161 eolorib;
1207 4106 1329 4158 distincta.

117 4191 175 4255 (rar.
188 4203 249 4248 arete
262 4197 288 4263 d)
379 4195 413 4250 23
432 4198 540 4246 restituto
561 4193 686 4248 Muretus
705 4193 749 4259 (de
768 4209 821 4263 quo
841 4199 930 4248 tamen
949 4193 1041 4262 ‹rlr'qua
1061 4191 1192 4246 drrbitatiu
1211 4191 1327 4250 residem

117 4287 169 4334 erat
192 4299 249 4338 cram
274 4283 362 4354 irrupit
383 4283 506 4354 placeret
524 4282 648 4337 Fickertr'
670 4283 869 4348 restituendum)r
889 4284 1038 4332 restituendo
1057 4279 1116 4333 cod.
1255 4283 1330 4333 exsuli

119 4383 143 4417 ex
161 4388 188 4420 eo
206 4373 279 4439 (urite
297 4389 327 4424 eo
346 4369 652 4436 uidetnrserasaarse)
744 4370 777 4424 24
800 4373 821 4420 si
840 4369 943 4441 Neap:
964 4373 1007 4421 sed
1096 4370 1160 4420 uasis
1179 4371 1331 4435 supellectile

120 4457 180 4520 (ras.
197 4460 266 4514 inter
285 4464 304 4511 is
324 4467 349 4514 et
367 4462 400 4527 s)¹
497 4462 531 4516 at
557 4468 665 4528 angustet
686 4460 786 4529 (attera
805 4468 812 4509 t
832 4459 858 4513 in
878 4462 945 4527 ras.)

1060 4547 1115 4602 17*
