3184 5318
326 296 405 338 orsu.
416 295 465 341 vn.
495 296 536 338 nr>
551 295 729 340 cremonen
745 295 785 338 oa
799 296 869 340 urm
884 280 991 340 aaran.
1020 298 1054 342 ns.
1244 305 1304 370 179

92 463 146 506 non
168 442 255 506 deest
280 445 359 506 mori
383 445 498 526 posse?
536 443 613 523 quid
637 461 715 524 ergo
739 447 807 508 est?
843 444 974 508 domum
999 443 1083 508 illam
1107 443 1306 526 splendidam

67 549 166 614 tmalo
188 570 283 631 quam
306 559 447 632 pontem.
479 569 564 633 pone
587 553 617 614 in
637 551 851 614 instrumentis
867 550 1106 634 splendentibus
1122 561 1154 614 et
1170 552 1306 616 delicato

91 658 249 740 adparatu:
277 655 373 720 nihilo
397 675 449 720 me
471 655 642 722 feliciorem
667 655 802 733 credam,
826 659 913 738 quod
938 657 1013 721 mihi
1037 657 1133 722 molle
1156 659 1214 722 erit
1230 659 1305 722 ami-

92 762 191 840 culum,
214 765 302 844 quod
326 783 464 847 purpura
487 765 627 828 conuiuis
651 764 728 827 meis
752 763 976 832 substernetur.
1009 774 1097 830 muta
1119 766 1303 848 imaginem:

92 869 174 932 nihilo
197 869 339 934 miserius
363 891 426 948 ero,
451 873 475 934 si
492 870 581 948 ¹lassa
604 871 711 934 ceruix
729 889 801 934 mea
816 873 846 934 in
863 871 1023 953 manipulo
1039 871 1101 936 leni
1116 873 1308 954 adquiescet,
1336 891 1347 928 n

92 981 111 1038 si
141 997 232 1060 super
264 977 410 1042 Circense
446 986 624 1040 tomentum
661 998 717 1059 per
748 987 885 1045 sarturas
916 981 1031 1042 ueteris
1061 978 1146 1042 lintei
1178 977 1308 1042 effluens

92 1084 244 1148 incubabo.
291 1085 366 1166 quid
395 1103 472 1166 ergo
504 1088 573 1148 est?
606 1083 707 1159 malo,
738 1085 813 1166 quid
837 1086 913 1149 milri
937 1086 1030 1150 animi
1054 1087 1109 1161 sit,
1140 1085 1308 1150 ostendere

91 1201 299 1272 praetextatus
336 1201 368 1255 et
403 1201 596 1274 gausapatus
624 1211 719 1273 quarn
758 1193 850 1256 nudis
880 1191 1013 1276 scapulis
1045 1202 1099 1258 aut
1129 1193 1307 1256 semitectis.

66 1307 189 1362 :lomnes
221 1297 296 1362 mihi
328 1319 369 1360 ex
402 1308 480 1362 uoto
511 1298 578 1362 dies
607 1300 730 1363 cedant.
777 1319 879 1362 nouae
902 1298 1129 1382 gratulationes
1152 1298 1307 1381 prioribus

91 1405 304 1470 subtexanturt
332 1425 396 1468 non
420 1406 463 1470 ob
487 1406 550 1469 hoc
574 1406 647 1470 mihi
672 1404 813 1488 placebo.
854 1416 943 1470 muta
965 1407 1210 1470 imcontrarium
1226 1406 1307 1468 hanc
1324 1424 1348 1466 ro

91 1511 304 1593 indulgentiam
348 1513 515 1596 temporis,
560 1513 634 1578 hinc
671 1511 754 1576 illinc
791 1514 982 1595 percutiatur
1018 1515 1140 1578 animus
1180 1514 1307 1588 damno,

91 1609 178 1694 luc‘tu,
210 1619 438 1682 incursionibus
474 1620 580 1698 uariis,
613 1617 697 1682 nulla
727 1619 806 1682 hora
836 1621 901 1682 sine
932 1618 1034 1701 aliqua
1072 1618 1209 1700 querella
1246 1619 1305 1682 sit:

92 1744 145 1786 non
168 1726 239 1789 ideo
271 1746 324 1790 me
355 1725 457 1790 dicam
489 1727 568 1789 inter
600 1726 774 1790 miserrima
805 1728 963 1803 miserum,
988 1747 1052 1790 non
1075 1728 1148 1790 ideo
1172 1725 1307 1807 aliquem

92 1833 253 1894 execrabor
285 1833 378 1896 diem.
432 1833 593 1914 prouisum
625 1840 672 1896 est
703 1833 786 1896 enim
818 1854 837 1896 a
869 1853 936 1909 me,
965 1855 1005 1897 ne
1036 1834 1105 1914 quis
1135 1831 1210 1896 mihi
1240 1841 1308 1894 ater

92 1939 149 2000 dies
174 1949 265 2002 esset.
319 1940 395 2022 quid
426 1960 503 2021 ergo
536 1943 603 2004 est?
635 1937 720 2004 malo
751 1941 867 2022 gaudia
896 1950 1091 2023 temperare,
1122 1960 1217 2022 quarn
1249 1939 1305 2001 do·
1324 1957 1347 1998 rs

67 2042 162 2108 llores
184 2037 383 2128 conpescere.
429 2047 492 2110 hoc
514 2047 571 2110 tibi
600 2047 650 2110 ille
681 2045 830 2112 Socrates
862 2047 964 2112 dicet:
1000 2046 1047 2110 lac
1079 2068 1130 2110 me
1155 2049 1306 2112 uictorem

92 2151 291 2217 uniuersarum
323 2157 473 2236 gentium.
525 2153 676 2217 delicatus
707 2153 757 2216 ille
788 2153 895 2217 Liberi
925 2175 1032 2216 currus
1060 2155 1307 2238 triumphantem

92 2261 241 2341 usquead
265 2257 395 2326 Thebas
418 2282 437 2324 a
459 2260 533 2324 solis
558 2269 630 2324 ortu
654 2261 758 2325 uehat.
804 2264 869 2324 iura
892 2281 984 2343 reges
1007 2261 1173 2324 Persarum
1196 2270 1308 2344 petant
1374 2255 1378 2266 '

92 2386 190 2432 ame:
221 2387 273 2432 me
305 2368 466 2432 hominem
498 2389 568 2432 esse
599 2370 740 2441 maxime
771 2368 939 2450 cogitab0,
972 2389 1044 2432 cum
1069 2369 1147 2432 deus
1170 2370 1308 2451 undique

94 2475 311 2539 consalutabor.
357 2474 428 2539 huic
459 2485 525 2540 tarn
548 2475 672 2540 sublimi
696 2476 820 2559 fastigio
844 2479 1000 2558 coniunge
1023 2478 1165 2560 protinus
1188 2479 1306 2559 praeci-
1322 2491 1348 2534 20

93 2581 177 2661 pitem
215 2583 431 2646 mutationem.
487 2585 517 2646 in
555 2583 689 2648 alienum
728 2583 862 2666 inponar
898 2582 1060 2648 fericulum
1099 2593 1309 2648 exornaturus

68 2688 204 2752 -uictoris
235 2689 365 2772 superbi
394 2709 431 2752 ac
458 2689 513 2754 leri
544 2710 718 2774 pompam:
752 2692 817 2754 non
840 2689 985 2754 humilior
1008 2691 1067 2752 sub
1090 2690 1194 2753 alieno
1217 2711 1307 2754 curru

94 2813 158 2874 agar
179 2817 273 2879 quarn
297 2796 328 2858 in
352 2816 425 2860 meo
449 2805 609 2861 steteram.
655 2798 731 2878 quid
754 2817 832 2879 ergo
856 2801 924 2862 est?
949 2797 1072 2860 uincere
1088 2807 1196 2862 tamen
1212 2817 1307 2880 quarn

69 2907 80 2957 l
95 2903 151 2982 capi
180 2903 272 2966 malo.
319 2911 424 2968 totum
455 2902 599 2968 lortunae
630 2924 763 2987 regnum
794 2905 981 2988 despiciam,
1019 2906 1077 2968 sed
1109 2925 1151 2966 ex
1182 2904 1250 2976 illo,
1282 2905 1307 2968 si

94 3009 202 3072 dabitur
226 3009 347 3086 electio,
372 3011 501 3075 meliora
524 3031 657 3076 sumam.
705 3012 857 3093 quidquid
881 3015 922 3075 ad
946 3032 999 3074 me
1021 3012 1157 3088 uenerit,
1185 3012 1348 3074 bonumne

94 3112 152 3190 tet,
180 3119 236 3182 sed
268 3117 353 3182 malo
383 3117 522 3182 faciliora
549 3140 587 3184 ac
617 3119 801 3184 iucundiora
824 3119 950 3184 ueniant
974 3128 1004 3182 et
1028 3121 1132 3182 minus
1155 3119 1308 3187 uexatura

94 3343 214 3410 lpontem
234 3345 399 3404 Pincianus:
420 3354 520 3414 potente
646 3350 671 3400 in
696 3349 859 3400 instrumentis
878 3347 980 3420 Neam:
998 3351 1164 3400 instrumentis

94 3431 106 3486 3
128 3437 197 3489 molle
220 3440 265 3490 erit
285 3438 433 3500 amiculum,
458 3438 525 3503 quod
615 3438 779 3490 substernetur
799 3434 856 3492 El:
884 3437 959 3490 molle
979 3439 1152 3492 timiniclti.sit
1171 3439 1237 3503 quod

94 3524 242 3579 substernatur
263 3526 447 3595 (aminicltlsit
466 3525 492 3580 t‘n
512 3541 576 3594 ras„
596 3525 623 3579 in
642 3527 765 3599 margine
784 3543 817 3580 m.
838 3526 853 3580 3
874 3528 1018 3590 dminiculsr,
1034 3525 1089 3580 sed
1106 3528 1191 3579 niculu
1211 3524 1306 3581 eadem

94 3625 163 3667 nanu
181 3621 331 3671 correctum
351 3631 421 3685 quae
441 3618 545 3670 textum
570 3615 705 3682 correxit)
732 3591 745 3612 ⁸
830 3615 847 3670 4
872 3619 938 3666 muta
964 3617 1098 3682 imaginem
1125 3613 1204 3670 Koch
1228 3618 1307 3684 (muta

95 3705 186 3768 stragula
209 3721 265 3757 mea
285 3701 428 3776 Modum:
448 3705 536 3756 multas
561 3709 655 3782 magnit
672 3709 731 3757 mea
820 3705 835 3757 5
860 3704 986 3772 manipulo
1011 3703 1090 3764 dett:
1111 3707 1236 3756 maniculo
1261 3705 1305 3772 (m.

95 3789 246 3866 ilnmarq.
266 3795 363 3866 repet.)
454 3796 503 3860 leni
600 3793 616 3846 8
641 3800 789 3862 pretextatus
884 3801 1033 3862 gausapatus
1051 3793 1174 3866 Leptine:
1196 3799 1308 3845 causatus

177 3886 245 3936 nudis
264 3881 363 3955 uulgo:
384 3885 442 3934 nudi
546 3886 679 3936 semitectis
698 3883 824 3955 Lipsius:
846 3887 961 3938 sententis
1063 3885 1094 3938 11
1122 3885 1188 3934 illinc
1207 3881 1304 3954 uulgo:

95 4003 134 4056 illic
219 4009 251 4063 12
266 3987 351 4059 'uanis
370 4009 401 4094 (is
420 4009 503 4076 corr.)
595 4010 658 4060 hora
676 4005 816 4064 Muretus:
837 4011 914 4060 homo
1011 3984 1075 4075 aliqa
1176 4007 1207 4062 lti
1236 4025 1305 4059 com·

94 4163 178 4210 pescere
266 4150 300 4205 18
319 4095 374 4202 uehat
471 4155 596 4204 Persarum
617 4149 671 4207 Εέ
692 4155 818 4218 penatium
915 4157 998 4220 petant
1017 4170 1032 4203 a
1051 4169 1091 4202 me
1108 4147 1201 4206 Kookt
1222 4155 1306 4215 petant

95 4250 145 4289 tum
162 4237 256 4316 lacuna
363 4239 397 4294 20
416 4241 606 4316 consqalutabor
707 4244 852 4308 coniungere
960 4241 991 4296 21
1012 4242 1126 4307 imponar
1144 4253 1216 4292 tenete
1234 4236 1306 4292 dete-

96 4324 196 4382 riornm:
217 4331 335 4397 inponam
426 4330 461 4384 22
480 4348 599 4398 pompam
619 4330 669 4402 (am
688 4331 716 4388 tit
735 4334 802 4400 ras.)
894 4331 927 4384 23
954 4333 977 4382 in
996 4345 1058 4380 mee
1149 4328 1182 4380 25
1208 4331 1306 4393 summi.

168 4422 279 4486 quicquid
372 4421 405 4472 2ti
425 4421 584 4476 iocundiora¹

1035 4505 1089 4558 12*
