3184 5318
296 380 375 424 nlnh.
389 380 426 422 Vl.
457 380 498 420 AD
514 379 657 422 MARClAM
672 379 712 420 DE
727 379 969 423 consonatione,
1002 382 1033 424 1⁰.
1050 382 1082 425 11.
1203 379 1204 386 ’
1242 387 1297 448 131

94 525 265 590 morborum
290 527 381 588 uariis
405 525 572 606 generibus
596 534 792 588 emaceratos
816 525 869 587 diu
892 526 972 587 inter
988 526 1084 588 uitam
1101 533 1303 607 mortemque

93 634 200 702 medios
233 635 396 696 detinebit.
441 642 475 697 ut
506 634 591 694 uaria
619 644 651 694 et
674 631 839 694 libidinosa
863 633 1152 714 mancipiorumque
1175 654 1302 698 suorum

93 739 251 820 neglegens
276 742 407 802 domina
430 749 462 802 et
485 740 595 820 poenis
619 748 650 800 et
675 737 856 800 muneribus
879 738 1004 801 errabit.

72 859 75 910 1
166 846 220 909 ΧΙ.
269 846 354 928 Quid
393 867 473 928 opus
511 855 559 908 est
594 855 699 927 partes
732 845 869 908 deflere?
908 855 978 908 tota
1009 844 1119 908 flebilis
1152 847 1217 908 uita
1248 854 1304 910 est.

93 954 235 1032 urgebunt
260 974 344 1016 noua
367 953 588 1026 incommoda,
610 953 792 1034 priusquam
816 952 974 1014 ueteribus
996 951 1188 1014 satisfeceris.
1236 973 1331 1016 mma

94 1062 256 1123 derandum
281 1069 329 1123 est
352 1062 457 1143 itaque
480 1059 572 1123 uobis
595 1059 752 1133 maxime,
783 1061 835 1141 qui
859 1079 896 1121 ea
919 1060 1117 1122 inmoderate
1140 1058 1242 1134 fertiS,
1273 1067 1305 1121 et

91 1167 115 1227 in
145 1177 247 1230 metus
278 1177 311 1230 et
341 1169 371 1230 in
403 1167 529 1230 dolores
562 1167 690 1230 humani
720 1168 857 1249 pectoris
889 1167 934 1229 uis
958 1168 1178 1249 dispensanda.
1224 1186 1305 1248 quae

92 1275 191 1336 deiude
215 1277 276 1336 ista
300 1295 374 1338 suae
398 1273 604 1356 publicaeque
628 1275 820 1336 condicionis
844 1272 961 1336 obliuio
983 1277 1049 1336 est?
1075 1273 1214 1336 mortalis
1230 1283 1305 1336 nata

17 1396 20 1406 ¹
91 1401 131 1455 es,
165 1381 318 1444 mortales
350 1383 505 1464 peperisti.
552 1391 643 1463 putre
674 1383 740 1462 ipsa
772 1379 964 1462 fluidumque
994 1400 1108 1461 corpus
1137 1389 1172 1458 ,et
1205 1381 1304 1442 causis

93 1488 232 1568 [morbos]
266 1490 400 1570 repetita
431 1489 563 1568 sperasti
586 1497 652 1550 tam
677 1486 819 1551 inbecilla
842 1488 974 1550 materia
997 1487 1098 1550 solida
1121 1496 1153 1550 et
1176 1495 1305 1550 aeterna
1322 1502 1344 1544 1⁰

66 1597 240 1674 lgestasse?
274 1595 408 1656 decessit
432 1594 511 1657 filius
534 1603 613 1668 tuus
638 1596 750 1669 idest,
775 1595 950 1657 decucurrit
973 1595 1014 1656 ad
1038 1593 1120 1656 hunc
1135 1593 1239 1668 finem,
1263 1595 1304 1656 ad

10 1715 11 1776 ζ
90 1721 171 1782 quern
203 1721 286 1782 quae
316 1700 453 1764 feliciora
482 1711 574 1782 partu
605 1712 660 1762 tuo
691 1710 783 1782 putas
812 1710 991 1784 properant.
1037 1700 1099 1762 huc
1122 1701 1224 1762 omnis
1247 1702 1306 1763 ista

10 1845 11 1866 r
91 1829 158 1889 quae
180 1809 211 1869 in
236 1806 307 1869 soro
330 1806 438 1888 litigat,
462 1808 492 1870 in
516 1808 646 1870 theatris
669 1807 807 1884 desidet,
841 1808 870 1868 in
894 1807 1020 1889 templis
1044 1815 1188 1889 precatur
1211 1806 1306 1870 turba

10 1907 12 2000 ᾗ
90 1913 192 1996 dispari
223 1915 325 1995 gradu
356 1915 451 1976 uadit.
496 1924 528 1976 et
559 1934 640 1996 quae
672 1913 774 1994 diligis
800 1914 977 1994 luenerarisl
1002 1921 1035 1976 et
1058 1934 1140 1995 quae
1163 1914 1304 1995 despicis

10 2023 11 2034 ¹
90 2041 157 2083 unus
187 2021 380 2102 exaequabit
412 2021 496 2084 cinis.
541 2021 604 2083 hoc
635 2020 721 2082 iubet
749 2020 893 2084 uidelicet
924 2019 974 2082 illa
1002 2019 1141 2100 Pythicis
1173 2018 1305 2082 oraculis
1322 2035 1345 2076 ro

65 2129 236 2210 ladscripta
259 2147 324 2189 uox
345 2127 490 2190 NOSCE
514 2127 580 2190 TE.
626 2128 702 2209 quid
725 2136 773 2189 est
796 2127 916 2189 horno?
948 2125 1090 2209 quolibet
1113 2147 1227 2209 quassu
1249 2147 1305 2188 uas

90 2243 117 2295 et
143 2234 283 2316 quolibet
315 2232 424 2316 fragile
447 2236 570 2296 iactatu.
617 2255 681 2296 non
704 2243 895 2316 tempestate
920 2253 1051 2314 magna,
1083 2242 1116 2295 ut
1139 2233 1305 2315 dissiperis,

91 2349 131 2402 est
159 2363 246 2423 opus.
293 2341 481 2424 ubicumque
512 2341 705 2416 arietaueriS‚
737 2339 874 2404 solueris.
921 2341 996 2422 quid
1028 2349 1075 2402 est
1107 2340 1227 2403 homo?
1260 2341 1303 2403 in-

90 2446 224 2511 becillum
249 2469 363 2530 corpus
387 2459 418 2510 et
442 2448 566 2530 fragile,
591 2449 725 2524 nudum,
750 2458 861 2532 suapte
885 2457 997 2512 natura
1019 2450 1154 2522 inerme,
1186 2446 1305 2510 alienae

91 2557 150 2636 opis
171 2557 322 2637 indigens,
347 2557 388 2617 ad
411 2557 513 2618 omnis
536 2555 680 2618 fortunae
704 2555 910 2618 contumelias
926 2557 1111 2638 proiectum,
1136 2574 1208 2616 cum
1222 2553 1305 2618 bene
1319 2569 1345 2610 m
1368 2537 1380 2548 ¹

90 2659 212 2725 lacertos
235 2663 393 2736 exercuit,
425 2647 587 2726 cuiuslibet
611 2661 696 2726 ferae
718 2661 886 2744 pabulum,
917 2662 1080 2724 cuiuslibet
1104 2663 1239 2736 uictima,
1263 2681 1305 2723 ex

90 2767 205 2846 infirmis
236 2769 402 2850 fluidisque
431 2779 617 2832 contextum
650 2781 679 2831 et
713 2770 907 2832 lineamentis
931 2769 1139 2832 exterioribus
1162 2769 1304 2841 nitidum,

90 2872 215 2955 frigoris,
246 2885 369 2951 aestus,
402 2874 518 2938 laboris
541 2877 711 2959 inpatiens,
742 2878 811 2959 ipso
835 2896 939 2938 rursus
962 2877 1021 2938 situ
1045 2884 1077 2937 et
1101 2877 1167 2937 otio
1190 2875 1303 2937 iturum

91 3167 101 3218 l
120 3171 179 3220 uaris
268 3170 284 3222 3
305 3170 374 3236 penis
394 3175 417 3220 et
436 3170 468 3234 (et
488 3185 503 3222 e
522 3169 605 3236 corr.)
697 3171 788 3220 errabit
809 3167 973 3224 deteriores:
996 3169 1084 3217 errauit
1181 3169 1197 3222 ti
1215 3169 1256 3233 qui
1276 3184 1304 3217 ea

90 3251 205 3328 Maduiq,
232 3260 273 3324 qui
299 3253 462 3311 Priscianus:
483 3275 546 3323 quae
663 3257 678 3311 7
704 3264 781 3309 metus
807 3255 908 3327 Neara:
935 3257 1024 3307 multos
1138 3257 1245 3323 pectoris
1269 3258 1306 3306 uis

90 3341 209 3418 Madaip:
231 3352 316 3414 pectus
418 3345 433 3399 8
453 3355 507 3396 tuae
527 3343 569 3399 E*
670 3347 863 3412 publicaeuque
968 3345 984 3398 fl
1004 3347 1118 3396 mortales
1139 3342 1302 3399 deteriores:

89 3437 241 3514 mortalesque
260 3437 329 3502 (ras.
349 3433 475 3501 subque)
585 3436 663 3484 causis
683 3437 785 3485 morbos
804 3433 863 3490 aad.
884 3436 963 3485 carnis
982 3435 1071 3484 morbo
1092 3431 1206 3504 Madut'q
1227 3435 1315 3493 causis⁴

90 3525 222 3575 morborum
238 3523 329 3589 Gertz,
349 3539 419 3595 qaae
435 3524 473 3576 ita
486 3539 540 3578 uon
557 3522 667 3594 placeat
685 3531 714 3576 ut
733 3524 790 3595 ipse
803 3539 909 3594 quoque
928 3523 961 3576 iis
974 3521 1125 3576 carentiam
1144 3522 1193 3592 qui
1204 3525 1305 3573 morbos

90 3619 315 3692 interpretamenti
343 3636 427 3677 causa
456 3619 624 3692 adscriptum
656 3637 715 3676 essa
739 3628 836 3692 putent
949 3621 978 3673 111
1004 3614 1117 3695 repetita}
1225 3620 1305 3670 solida

92 3717 113 3782 (a
131 3722 207 3786 corr.)
310 3719 338 3771 ll
359 3726 467 3784 gestasse
487 3719 512 3787 (e
530 3726 655 3774 extrema
675 3718 758 3786 corr.)
863 3720 890 3772 12
909 3721 957 3769 huc
977 3715 1139 3773 Pincianus:
1162 3721 1209 3769 hoc

97 3804 121 3857 13
139 3807 162 3856 in
179 3811 277 3859 theatris
293 3807 357 3864 'coci
377 3809 402 3858 in
422 3809 521 3858 theatris
541 3809 634 3858 desidet
654 3805 697 3860 E*
722 3809 828 3874 (plaudit
847 3805 962 3878 Maduiq
982 3814 1075 3875 spectat
1096 3805 1188 3878 Gertz)
1213 3807 1250 3878 cs.
1271 3807 1305 3862 de

92 3894 133 3951 uit.
153 3895 223 3950 beata
242 3900 276 3952 28
376 3897 409 3949 14
428 3899 550 3948 ueneraris
569 3893 678 3950 seclusit
698 3894 809 3950 Fialrert
907 3897 938 3950 15
958 3899 1031 3958 iubet,
1052 3897 1112 3952 item
1132 3914 1180 3948 uox
1198 3895 1305 3950 addidit

93 3979 146 4040 li¹;
170 4001 224 4038 rum
244 3983 387 4056 Maduiqr'o
410 3986 523 4036 uidelicet
548 3991 683 4056 tamquam
707 4000 745 4039 ex
763 4001 830 4040 uoce
855 3987 922 4037 iubet
947 3986 1019 4054 (uid.)
1045 3991 1135 4044 ortum
1160 3984 1303 4039 delendum

93 4085 155 4134 esse,
166 4073 310 4144 probabile
328 4089 381 4128 nou
401 4079 443 4128 est
539 4073 571 4127 ’16
590 4091 664 4125 nosce
684 4081 706 4125 te
725 4071 788 4128 olim
807 4077 973 4128 correctum:
995 4077 1063 4126 nosci
1083 4085 1106 4124 re
1194 4075 1304 4139 quolibet

93 4175 172 4224 quassu
190 4160 319 4234 Mariuiq:
340 4163 467 4228 quodlibet
486 4180 599 4230 quassum
692 4163 724 4216 li
744 4169 767 4213 et
787 4165 806 4232 (t
825 4163 852 4216 in
872 4164 939 4230 ras.)
1027 4162 1058 4216 18
1078 4181 1138 4229 opus
1158 4172 1193 4213 est
1213 4161 1305 4216 Haase

164 4312 195 4353 est
213 4267 279 4308 homo
298 4306 415 4357 inbecilla
505 4253 665 4379 111ε11ως11ε
746 4307 775 4358 21
799 4307 903 4356 lacertos
923 4304 1086 4359 deteriores:
1106 4305 1229 4355 lacer-22⁰³

94 4413 120 4446 ex
138 4399 231 4452 infirmis
250 4400 416 4456 deteriores:
444 4405 551 4453 exiirmis
653 4403 686 4457 23
706 4405 804 4472 frigoris
824 4401 986 4472 delerioses:
1014 4403 1118 4468 fragoris
1216 4405 1303 4452 iturum

94 4486 117 4535 in
135 4489 209 4540 tabem
228 4489 391 4546 deteriores:
411 4494 498 4542 iturum
518 4499 540 4542 et
560 4494 616 4544 otiu
636 4493 661 4542 in
681 4495 776 4543 tabes*

1055 4579 1092 4633 9*
