3234 5336
500 1045 530 1114 n.
562 1044 703 1114 lautu
727 1045 892 1114 sunnon

330 1193 769 1291 DIALOGORVM
804 1193 1067 1311 LIBERI.

455 1393 461 1408 ⁹
576 1405 624 1456 AD
644 1405 818 1458 nvclmvnt

147 1554 288 1630 QVARE
312 1551 465 1628 ALIQVA
489 1551 745 1610 INCOMMODA
767 1551 887 1610 BONIS
911 1551 1015 1609 VIRIS
1041 1551 1251 1611 ACCIDANT

456 1659 545 1718 CVM
569 1657 849 1718 PROVIDENTIA
873 1657 944 1718 stu

671 1809 731 1846 stvu

560 1917 601 1974 un
621 1917 844 1976 eutulanum.

620 2065 776 2074 n——u-

65 2205 72 2256 r
176 2191 196 2252 1.
247 2153 407 2253 Quaesisti
437 2210 544 2265 ame,
576 2188 690 2266 tuctu,
719 2187 795 2270 quta
819 2189 878 2264 ita,
905 2189 930 2252 si
954 2189 1151 2270 prouidentia
1175 2191 1310 2253 munaus

97 2307 262 2378 regeretur,
302 2296 402 2360 multa
437 2297 529 2371 bonis
560 2297 631 2358 uiris
663 2296 746 2358 mala
777 2297 964 2360 acciderent.
1017 2296 1079 2358 hoc
1109 2299 1310 2360 commodius

95 2405 122 2465 in
155 2413 305 2468 contextu
348 2405 451 2486 operis
488 2404 687 2478 redderetur,
727 2383 798 2466 eum
838 2423 984 2484 praeesse
1018 2404 1167 2467 uniuersis
1206 2406 1309 2486 proul-

95 2513 224 2574 dentiam
248 2510 456 2593 probaremus
480 2518 512 2572 et
527 2511 676 2573 interesse
699 2508 791 2572 nobis
808 2511 925 2574 deum..
951 2511 1177 2591 sedquoniam
1201 2531 1219 2573 a
1239 2521 1311 2574 toto

95 2618 269 2698 particulam
302 2615 408 2679 reuelli
441 2617 544 2699 placet
575 2625 607 2679 et
639 2636 733 2679 unam
764 2617 1046 2678 contradictionem
1079 2627 1227 2680 manente
1259 2618 1311 2682 lite
1339 2641 1350 2678 r,

96 2724 209 2804 integra
231 2724 364 2798 soluere,
395 2722 506 2789 faciam
530 2744 597 2786 rem
622 2743 685 2785 non
710 2721 874 2798 difficilem,
899 2743 1025 2786 causam
1051 2725 1184 2786 deorum
1208 2745 1311 2806 agam.

67 2839 315 2910 usuperuacuum
341 2839 389 2892 est
413 2831 443 2890 in
467 2830 644 2911 praesentia
675 2831 844 2892 ostendere
867 2848 932 2890 non
959 2829 1024 2891 sine
1052 2828 1158 2911 aliquo
1179 2833 1312 2894 custode

96 2943 210 2998 tantum
241 2956 323 3018 opus
354 2946 437 2999 stare
460 2956 519 2998 nec
550 2935 632 2998 hunc
662 2935 799 2998 siderum
831 2944 958 2998 coetum
989 2935 1226 3018 discursumque
1249 2935 1310 2999 lor-

96 3043 157 3103 tuiti
185 3042 309 3126 inpetus
340 3063 421 3118 esse,
463 3053 494 3106 et
524 3063 605 3121 quae
636 3063 726 3106 casus
761 3043 869 3125 incitat
899 3062 995 3124 saepe
1025 3043 1143 3106 turbari
1181 3053 1213 3107 et
1248 3045 1311 3106 cito

97 3149 233 3225 arietare,
273 3149 355 3230 hanc
386 3150 572 3212 inoffensam
603 3149 802 3212 uelocitatem
838 3150 1012 3230 procedere
1050 3159 1196 3213 aeternae
1234 3150 1311 3233 legis
1327 3169 1351 3212 ιο

97 3255 217 3337 imperio
247 3265 369 3319 tantum
402 3276 505 3320 rerum
537 3265 620 3320 terra
650 3257 791 3337 marique
814 3264 1002 3336 gestantem,
1030 3264 1153 3318 tantum
1182 3257 1310 3320 clarissi-

98 3381 212 3424 morum
243 3361 396 3425 luminum
429 3371 461 3425 et
485 3383 526 3426 ex
550 3362 704 3444 disposito
728 3360 950 3438 relucentium;
978 3382 1041 3424 non
1070 3381 1139 3425 esse
1163 3365 1312 3428 materiae

97 3471 215 3533 errantis
254 3469 337 3532 hunc
375 3469 538 3532 ordinem
563 3489 620 3532 nec
658 3488 739 3550 quae
777 3477 898 3530 temere
936 3469 1077 3531 coierunt
1121 3478 1210 3532 tanta
1244 3481 1311 3534 arte

98 3577 225 3654 pendere
261 3585 295 3639 ut
333 3587 486 3639 terrarum
523 3575 742 3656 grauissimum
781 3575 906 3656 pondus
942 3575 1052 3637 sedeat
1082 3575 1238 3638 inmotum
1279 3585 1311 3639 et

99 3680 171 3744 circa
198 3703 232 3744 se
255 3682 453 3764 properantis
476 3680 552 3744 caeli
576 3681 683 3762 fugam
715 3689 847 3762 spectet,
876 3691 909 3743 ut
931 3679 1030 3742 inlusa
1059 3681 1191 3746 uallibus
1213 3685 1311 3746 maria
1328 3703 1351 3742 15

98 3787 228 3852 molliant
259 3798 358 3852 terras
389 3809 447 3850 nec
480 3787 575 3850 ullum
607 3789 833 3850 incrementum
859 3785 1020 3849 fluminum
1044 3789 1187 3865 sentiant,
1212 3800 1246 3852 ut
1269 3810 1311 3851 ex

68 3904 81 3950 :t
100 3893 222 3958 minimis
246 3894 417 3958 semiuibus
433 3902 599 3957 nascantur
614 3874 760 3973 ingentia.
800 3913 839 3956 ne
862 3891 911 3954 illa
927 3893 1055 3974 quidem
1071 3915 1152 3975 quae
1167 3896 1311 3957 uidentur

714 3985 736 4017 'a

180 4161 191 4212 l
211 4161 317 4225 Quesisti
389 4161 412 4212 2·
425 4165 547 4224 regeretur
567 4156 621 4212 pa,
643 4166 755 4224 ageretur
774 4156 857 4226 (cons.
880 4155 979 4212 Minue.
994 4157 1050 4212 Fal.
1071 4163 1096 4222 5,
1119 4161 1148 4211 12
1169 4159 1188 4207 si
1208 4159 1310 4209 mundus

98 4244 173 4296 diuina
185 4249 338 4314 prouidentia
350 4253 486 4314 regeretur;
509 4251 550 4309 20,
564 4250 579 4299 2
593 4249 613 4297 si
626 4248 781 4313 prouidentia
798 4249 901 4298 mundus
914 4249 1017 4312 regitur;
1040 4244 1194 4311 Quintilian.
1207 4251 1230 4308 l,
1245 4250 1269 4308 2,
1284 4247 1310 4314 2)

178 4339 314 4388 acciderent
334 4334 361 4390 Ε
367 4339 389 4387 ¹:
411 4336 524 4386 accidere
608 4336 622 4388 'i
644 4337 789 4402 inpresentia
872 4339 988 4400 doctum
1079 4335 1094 4386 ll
1114 4337 1217 4400 impetus

102 4419 130 4471 lll
149 4432 221 4489 eterne
241 4427 316 4492 (ante
333 4423 426 4492 eras.)
508 4424 536 4477 12
560 4441 587 4473 ex
603 4426 722 4489 disposito
742 4425 898 4474 ‘relucentium
915 4422 1099 4496 Bonparst'us:
1117 4440 1146 4477 ex
1165 4424 1312 4489 dispositore

100 4508 219 4564 lucendum
309 4511 336 4566 ll
356 4516 484 4564 immotum

1078 4602 1091 4654 1
