3184 5318
248 352 330 402 otha.
346 354 386 400 lx.
416 359 458 400 AD
472 349 616 400 sertem
630 355 670 399 DE
684 347 952 408 tahnovrttnrhre
967 351 1065 397 antur.
1096 347 1126 398 to.
1238 349 1302 418 209

82 509 307 590 adligauerunt,
329 507 385 572 nisi
408 504 490 570 lorte
509 514 543 569 tu
559 505 710 568 leuiorem
725 507 756 568 in
772 505 896 569 sinistra
911 513 1055 568 catenam
1071 513 1182 586 putas:
1209 501 1303 568 alium

82 615 222 690 honores,
246 613 341 678 alium
365 631 444 695 opes
467 613 612 676 uinciunt.
657 611 814 693 quosdam
837 609 998 687 nobilitas,
1021 613 1179 692 quosdam
1201 610 1303 674 humi-

82 721 145 784 litas
167 722 295 803 premit.
340 719 530 802 quibusdam
554 715 654 782 aliena
676 737 771 800 supra
793 728 888 800 caput
911 719 1042 801 imperia
1064 727 1149 794 sunt,
1175 717 1303 801 quibus-

82 830 150 892 dam
180 847 247 889 sua
285 825 451 908 'quosdam
481 823 575 888 exilia
602 843 666 887 uno
688 822 761 886 loco
783 831 907 899 tenent,
938 825 1095 905 quosdam
1118 825 1305 888 sacerdotia.

10 921 12 936 '
58 935 178 996 romnis
201 935 269 996 uita
291 931 452 995 seruitium
476 938 533 993 est.
565 927 817 1014 adsuescendum
841 939 890 994 est
910 931 1016 1012 itaque
1036 931 1214 994 condicioni
1230 949 1305 994 suae
1333 946 1345 986 ⁵

9 1089 10 1094 1
82 1047 110 1103 et
138 1058 236 1121 quam
269 1039 432 1101 minimum
456 1037 497 1099 de
520 1034 572 1099 illa
595 1035 789 1119 querendum
814 1044 847 1098 et
868 1035 1022 1118 quidquid
1044 1035 1148 1100 habet.
1167 1039 1248 1100 circa
1271 1057 1306 1100 se

82 1145 258 1221 commodi,
288 1142 559 1225 adprendendum.
606 1141 680 1206 nihil
710 1151 776 1206 tam
808 1141 958 1206 acerbum
990 1151 1054 1218 est,
1084 1143 1115 1206 in
1145 1163 1210 1225 quo
1241 1163 1306 1206 non

82 1271 193 1334 aequus
226 1252 350 1314 animus
376 1247 526 1312 solacium
550 1247 695 1312 inueniat.
741 1251 876 1330 exiguae
899 1269 994 1332 saepe
1009 1269 1110 1314 -areae
1132 1252 1164 1312 in
1189 1249 1306 1313 multos

9 1381 10 1432 f
83 1377 148 1420 usus
186 1356 395 1420 describentis
433 1363 501 1418 arte
538 1363 707 1436 patuerunt
738 1361 770 1417 et
801 1357 945 1437 quamuis
983 1365 1152 1438 angustum
1187 1355 1305 1438 pedem

8 1475 10 1502 s
83 1463 243 1546 dispositio
268 1460 341 1525 fecit
364 1459 577 1524 habitabilem.
624 1458 742 1524 adhibe
764 1461 919 1524 rationem
943 1459 1196 1526 difficultatibus:
1230 1481 1304 1545 pos·
1323 1471 1345 1515 ¹⁰

8 1593 9 1652 3
82 1576 147 1631 sunt
169 1577 203 1634 et
227 1569 308 1632 dura
331 1563 443 1629 molliri
466 1575 498 1628 et
522 1573 657 1648 angusta
676 1564 777 1630 laxari
797 1575 831 1630 et
846 1567 954 1649 grauia
969 1567 1046 1632 scite
1061 1566 1187 1632 ferentis
1205 1569 1306 1632 minus

8 1667 230 1762 J.5premere.
275 1693 340 1736 non
370 1681 444 1736 sunt
471 1682 637 1754 praeterea
660 1655 848 1754 cupiditates
876 1673 906 1736 in
929 1673 1101 1756 longinqua
1124 1673 1305 1750 mittendae,

83 1782 133 1843 sed
163 1783 195 1844 in
226 1781 363 1844 uicinum
394 1777 451 1842 illis
482 1779 591 1860 egredi
621 1781 858 1861 permittamus,
888 1781 1039 1864 quoniam
1069 1779 1184 1844 includi
1207 1799 1241 1842 se
1264 1799 1306 1844 ex

83 1895 147 1950 toto
179 1905 245 1949 non
276 1888 443 1968 patiuntur.
489 1884 604 1948 relictis
634 1886 698 1962 his,
728 1905 811 1967 quae
839 1895 893 1950 aut
920 1905 985 1948 non
1008 1896 1141 1969 possunt
1164 1886 1230 1950 fieri
1253 1894 1307 1949 aut

7 2025 8 2030 κ
84 1992 244 2056 difficulter
266 2001 413 2076 possunt,
436 2011 537 2075 prope
560 1995 664 2073 posita
686 1993 816 2074 speique
839 2001 967 2058 nostrae
989 1991 1173 2056 adludentia
1194 2013 1305 2074 sequa·
1323 2011 1346 2050 u

84 2120 163 2176 mur,
195 2101 254 2162 sed
285 2102 420 2162 sciamus
452 2101 559 2162 omnia
590 2119 690 2180 aeque
720 2098 801 2162 leuia
831 2118 917 2175 esse,
949 2101 1144 2162 extrinsecus
1166 2100 1307 2162 diuersas

6 2239 7 2242 κ
85 2205 170 2268 lacies
209 2204 375 2280 habentia,
414 2207 566 2268 introrsus
604 2207 722 2286 pariter
760 2225 848 2267 uana.
902 2225 961 2268 nec
992 2207 1186 2269 inuideamus
1217 2204 1307 2269 altius

58 2311 253 2376 istantibus:
288 2331 370 2394 quae
400 2311 528 2376 excelsa
559 2311 762 2387 uidebantur,
801 2319 969 2394 praerupta
996 2319 1077 2375 sunt.
1123 2312 1164 2390 illl
1194 2331 1307 2388 rursus,

86 2439 158 2500 qnos
197 2439 267 2490 sors
306 2421 410 2499 iniqua
448 2421 478 2480 in
517 2421 641 2500 ancipiti
680 2421 800 2500 posuit,
839 2421 972 2483 tutiores
1007 2428 1097 2482 erunt
1126 2417 1306 2500 superbiam

87 2524 279 2589 detrahendo
303 2525 397 2588 rebus
420 2545 476 2606 per
499 2545 534 2588 se
554 2524 696 2606 superbis
712 2534 745 2588 et
760 2524 917 2589 fortunam
933 2545 1032 2602 suam,
1054 2545 1149 2608 quam
1167 2527 1307 2588 maxime
1321 2543 1347 2584 ro

86 2641 237 2712 poterunt,
261 2634 292 2694 in
316 2631 444 2714 planum
469 2629 651 2696 deserendo.
698 2630 785 2696 multi
810 2633 938 2713 quidem
961 2641 1042 2709 sunt,
1064 2632 1177 2714 quibus
1200 2652 1306 2695 neces·

20 2822 25 2834 ἱ
86 2740 159 2800 sario
194 2737 389 2800 haerendum
426 2741 465 2800 sit
495 2739 526 2801 in
556 2738 682 2820 fastigio
712 2759 787 2814 su0,
823 2759 865 2802 ex
896 2760 960 2821 quo
991 2761 1055 2802 non
1086 2749 1219 2822 possunt
1249 2742 1307 2802 nisi

87 2844 223 2908 cadendo
262 2844 473 2908 descendere:
511 2846 568 2908 sed
607 2845 670 2908 hoc
699 2847 801 2927 ipsum
833 2855 988 2910 testentur
1018 2849 1195 2909 maximum
1226 2866 1306 2908 onus

87 2969 169 3012 suum
201 2971 288 3026 esse,
319 2953 407 3033 quod
438 2950 504 3014 aliis
535 2971 648 3034 graues
681 2971 750 3015 esse
775 2961 944 3034 cogantur,
977 2973 1036 3016 nec
1058 2951 1239 3016 subleuatos
1263 2971 1306 3028 se,

87 3057 137 3117 sed
158 3056 299 3120 suffixos.
345 3059 476 3133 iustitia,
505 3057 756 3133 mansuetudine,
785 3057 981 3123 humanitate
1004 3059 1093 3142 larga
1114 3068 1146 3124 et
1168 3059 1346 3141 benignam

88 3181 175 3226 manu
197 3173 388 3244 praeparent
412 3163 510 3227 multa
533 3155 574 3227 ad
597 3165 753 3228 secundos
777 3185 866 3228 casus
889 3167 1044 3246 praesidia
1051 3195 1059 3242 ;
1089 3187 1226 3248 quorum
1249 3187 1306 3249 spe

89 3271 214 3332 securius
244 3272 414 3352 pendeant.
460 3270 535 3333 nihil
565 3279 672 3333 tamen
701 3291 802 3353 aeque
825 3292 884 3334 nos
908 3273 1019 3335 abhis
1043 3275 1137 3336 animi
1161 3271 1306 3336 fluctibus

89 3375 297 3451 uindicauerit,
329 3393 425 3456 quam
455 3395 582 3458 semper
612 3376 756 3458 aliquem
779 3379 976 3440 incrementis
1007 3379 1176 3442 terminum
1199 3378 1306 3460 figere,

89 3499 141 3541 nec
168 3480 310 3544 fortunae
338 3481 499 3554 arbitrium
524 3483 687 3546 desinendi
712 3484 806 3546 dare:
842 3485 919 3562 [sed]
944 3484 1030 3565 ipsos
1054 3482 1154 3547 multo
1177 3485 1306 3567 quidem

94 3637 295 3650 ῌ--ω-η-

92 3723 275 3794 talligauerunt
319 3689 466 3794 '3premit
556 3681 636 3796 capurl
649 3725 677 3798 (d
690 3727 717 3782 in
730 3733 739 3779 t
752 3733 836 3795 corr.)
908 3728 1010 3782 4exilla
1024 3727 1125 3800 (altera
1138 3731 1146 3780 l
1159 3745 1231 3786 corr.
1245 3728 1272 3784 t'n
1286 3730 1305 3798 i)

853 3816 905 3856 den

154 3867 338 3921 hcondlcionls
351 3869 374 3938 (s
387 3867 452 3936 del.)
544 3867 665 3936 bquich
755 3868 922 3936 7adprendil
1012 3873 1098 3937 inquo
1112 3871 1209 3941 uulpn:
1230 3873 1305 3940 inqua

155 3957 186 4012 12
204 3959 364 4024 inlonginqua
377 3955 436 4011 cod.
450 3959 474 4008 in
487 3958 647 4026 longinquum
660 3956 743 4028 numo
835 3959 866 4012 13
880 3959 928 4010 illis
942 3957 961 4027 (i
974 3957 1062 4014 altera
1075 3961 1208 4026 correcta)

1123 4047 1205 4086 hua

94 4097 174 4148 tncludi
190 4115 215 4150 se
232 4097 308 4154 Koch
327 4097 476 4154 seeundum
495 4097 616 4156 Senecae
634 4099 871 4154 consuetudinem:
892 4102 985 4152 includi
1074 4101 1108 4156 14
1138 4059 1186 4168 ish

96 4183 126 4234 tn
147 4196 253 4254 prerupta
344 4204 423 4240 rursus
443 4185 608 4242 deteriores:
630 4203 712 4240 aursus
731 4188 769 4256 (ur
787 4189 816 4244 t'n
834 4206 877 4240 uer
895 4190 979 4256 corr.)
1077 4189 1109 4244 lll
1134 4192 1214 4255 posuit
1234 4189 1305 4246 dete-

94 4270 184 4328 tt'oretr
203 4277 265 4342 pluit
351 4276 385 4331 22
403 4277 514 4330 herendo
599 4275 633 4330 25
652 4277 812 4344 humanitate,
832 4278 902 4344 larga
918 4276 1040 4348 Lopst'us:
1060 4279 1175 4330 humana.
1196 4277 1306 4346 (lacuna

96 4369 210 4425 quartuor
224 4363 287 4432 sere
305 4362 467 4428 litterarum)
488 4365 557 4430 larga
576 4364 614 4430 (in
633 4364 701 4433 rar.)
804 4366 838 4420 29
865 4366 909 4416 sed
928 4364 1038 4420 induxit
1058 4363 1148 4432 Gertz,
1168 4368 1217 4436 qui
1233 4373 1307 4423 recte

97 4451 239 4516 sertertium
263 4452 300 4507 ria
325 4455 452 4516 meamet,
482 4459 512 4506 ut
536 4453 597 4503 citra
621 4453 657 4506 st't
678 4450 834 4524 ‘atttequam
856 4452 972 4522 sortitae
994 4467 1045 4507 suo
1068 4451 1313 4528 montodanum,

1061 4540 1092 4594 14
