3234 5336
365 304 587 347 CONTVMELIAM
609 305 755 346 ACCIPERE
776 305 955 350 SAPIENTEM.
975 307 1011 350 Vl.
1031 305 1079 348 vu,
1293 317 1333 377 23

113 469 187 530 quos
202 448 393 513 Alexander
408 451 540 526 intrauit,
557 473 622 514 non
638 450 835 532 Carthaginis
851 461 905 514 aut
919 453 1108 514 Numantiae
1125 455 1257 530 moenia,
1273 476 1334 518 una

114 577 202 618 manu
218 567 320 638 capta,
346 578 409 620 non
428 557 617 640 Capitolium
635 579 789 632 arcemue‚
813 579 895 638 quae
918 557 1037 620 habent
1061 559 1196 622 inustum
1221 561 1333 624 hostile

113 661 282 727 fastidium:
302 664 352 736 illa
365 685 446 746 quae
462 665 636 747 sapientem
650 673 785 740 tuentur,
801 673 833 726 et
849 685 867 726 a
881 663 1009 728 flamma
1025 675 1057 728 et
1073 665 1114 728 ab
1126 667 1249 730 incursu
1266 677 1333 730 tuta

112 778 185 845 sunt,
210 769 331 832 nullum
347 771 507 834 introitum
525 771 686 854 praebent,
711 770 847 846 excelsa,
870 771 1135 854 inexpugnabilia,
1160 775 1207 836 dis
1224 795 1331 856 aequa.

89 879 95 931 l
195 877 267 940 VII.
300 878 372 940 Non
398 887 446 940 est
468 879 557 959 quod
581 879 683 954 dicaS,
713 879 756 940 ita
780 887 814 940 ut
837 876 934 952 soles,
969 877 1051 940 hunc
1074 881 1249 962 sapientem
1275 903 1329 944 no·
1360 899 1372 938 ὁ

112 993 205 1046 strum
231 1005 387 1066 nusquam
404 985 539 1047 inueniri.
572 1005 635 1047 non
659 984 805 1065 fingimus
829 985 912 1047 istud
929 983 1056 1049 humani
1080 988 1192 1068 ingenii
1217 1008 1332 1049 uanum

112 1091 202 1152 decus
227 1111 286 1154 nec
310 1092 471 1172 ingentem
494 1091 664 1172 imaginem
696 1090 791 1153 falsae
822 1092 865 1153 rei
890 1093 1098 1174 concipimus,
1127 1095 1183 1154 sed
1207 1093 1332 1175 qualem

113 1196 355 1272 conformamus
379 1195 580 1260 exhibuimus
597 1207 628 1260 et
645 1197 876 1272 exhibebimus,
900 1219 970 1262 raro
995 1197 1123 1262 forsitan
1148 1202 1333 1282 magnisque

112 1312 248 1366 aetatum
272 1304 440 1367 interuallis
458 1325 562 1368 unum.
594 1325 696 1386 neque
720 1305 803 1368 enim
821 1325 938 1386 magna
954 1315 985 1366 et
1002 1307 1190 1369 excedentia
1205 1306 1331 1370 solitum

111 1430 144 1471 ac
165 1409 331 1492 uolgarem
357 1412 487 1474 modum
506 1411 617 1475 crebro
644 1411 820 1493 gignuntur.
861 1419 999 1474 ceterum
1024 1411 1074 1474 hic
1090 1413 1156 1495 ipse
1181 1413 1224 1475 M.
1241 1413 1331 1490 Cato,
1349 1432 1372 1470 iu

111 1518 234 1580 acuius
259 1519 420 1580 mentione
443 1517 522 1582 haec
544 1518 716 1600 disputatio
748 1519 915 1599 processit,
948 1539 1061 1580 uereor
1084 1540 1123 1580 ne
1154 1539 1249 1602 supra
1272 1541 1329 1583 no·

83 1633 204 1688 astrum
230 1623 396 1707 exemplar
419 1626 465 1688 sit.
512 1627 646 1706 denique
679 1624 809 1689 ualidius
841 1626 938 1689 debet
962 1646 1031 1687 esse
1053 1627 1141 1707 quod
1172 1625 1269 1688 laedit
1292 1648 1331 1688 eo

110 1734 191 1812 quod
217 1731 361 1796 laeditur.
407 1753 471 1794 non
496 1742 544 1796 est
559 1743 665 1796 autem
690 1732 801 1795 sortior
824 1717 960 1814 nequitia
977 1734 1109 1796 uirtute:
1137 1754 1201 1794 non
1225 1743 1331 1814 potest

111 1859 182 1920 ergo
206 1838 290 1902 laedi
314 1840 446 1920 sapiens
499 1839 607 1902 iniuria
638 1841 667 1900 in
699 1839 803 1902 bonos
828 1839 882 1901 nisi
906 1859 925 1900 a
949 1839 1037 1902 malis
1061 1860 1125 1929 non
1149 1848 1330 1922 temptatur.

111 1945 195 2008 bonis
220 1947 301 2007 inter
325 1965 359 2008 se
382 1966 447 2027 pax
471 1955 527 2009 est.
561 1927 645 2008 'mali
670 1954 736 2008 tam
760 1945 851 2008 bonis
875 1945 1037 2028 perniciosi
1062 1967 1156 2026 quam
1185 1948 1266 2008 inter
1288 1967 1330 2010 se.
1348 1963 1370 2006 u

110 2054 218 2133 quodsi
242 2052 326 2114 laedi
350 2053 406 2114 nisi
430 2052 579 2115 infirmior
603 2071 666 2114 non
690 2061 804 2133 potest,
830 2051 930 2114 malus
946 2061 1052 2114 autem
1077 2053 1165 2115 bono
1181 2052 1332 2128 infirmior

111 2169 162 2233 est,
184 2179 245 2222 nec
261 2160 370 2221 iniuria
393 2159 483 2222 bonis
499 2159 556 2220 nisi
573 2179 591 2219 a
608 2159 723 2240 dispari
740 2159 878 2222 uerenda
894 2168 959 2221 est:
987 2159 1094 2220 iniuria
1111 2160 1140 2220 in
1156 2160 1329 2240 sapientem

111 2266 206 2328 uirum
231 2285 294 2328 non
320 2267 411 2328 eadit.
458 2265 531 2328 illud
557 2265 638 2328 enim
670 2263 732 2327 iam
763 2286 827 2328 non
858 2285 891 2326 es
922 2265 1142 2328 admonendus
1172 2267 1329 2328 neminem

82 2371 226 2434 thonum
252 2391 322 2434 esse
345 2372 401 2434 nisi
425 2373 606 2453 sapientem.
660 2372 685 2434 si
709 2372 832 2447 iniuste,
856 2373 967 2452 inquit,
991 2370 1140 2434 Socrates
1164 2373 1330 2434 damnatus

110 2489 169 2553 est,
208 2479 350 2541 iniuriam
382 2480 510 2560 accepit.
572 2479 635 2540 hoc
664 2478 736 2540 loco
767 2477 948 2559 intellegere
980 2499 1037 2540 nos
1076 2487 1204 2560 oportet
1234 2500 1329 2560 posse
1344 2502 1370 2544 ao

111 2587 238 2661 euenire,
263 2595 297 2648 ut
321 2587 414 2649 saciat
437 2586 546 2666 aliquis
569 2585 708 2648 iniuriam
733 2584 807 2647 mihi
831 2591 863 2647 et
879 2605 941 2666 ego
965 2605 1028 2646 non
1052 2587 1222 2668 accipiam:
1249 2596 1327 2648 tarn-

110 2713 200 2772 quam
232 2694 257 2754 si
289 2694 358 2773 quis
391 2713 473 2766 rem,
504 2713 599 2774 quam
632 2713 650 2753 e
681 2691 752 2754 uilla
784 2713 856 2754 mea
886 2692 1046 2774 subripuit,
1078 2693 1108 2754 in
1136 2693 1234 2754 domo
1259 2714 1331 2755 mea

83 2809 215 2880 iponat,
239 2799 290 2861 ille
315 2798 429 2862 lurtum
446 2798 561 2874 fecerit,
586 2819 647 2880 ego
672 2797 744 2860 nihil
767 2799 965 2880 perdiderim.
1012 2807 1119 2879 potest
1142 2800 1250 2879 aliquis
1273 2821 1327 2860 no-

113 2926 182 2968 cens
205 2906 279 2982 fieri,
303 2907 446 2988 quamuis
470 2925 534 2968 non
559 2906 708 2968 nocuerit.
748 2905 772 2966 si
795 2905 864 2986 quis
888 2926 959 2968 cum
977 2926 1078 2967 uxore
1094 2926 1150 2967 sua
1166 2915 1328 2986 tamquam

113 3033 179 3075 cum
203 2992 303 3076 aliena
326 3011 528 3087 concumbat,
551 3010 673 3074 adulter
697 3013 763 3087 erit,
787 3013 931 3092 quamuis
955 3011 1004 3074 illa
1028 3011 1170 3074 adultera
1193 3033 1257 3073 non
1281 3012 1328 3074 sit.
1343 3035 1369 3076 as

113 3118 215 3200 aliquis
239 3118 314 3182 mihi
331 3139 486 3182 uenenum
504 3119 600 3193 dedit,
625 3120 682 3180 sed
705 3119 769 3180 uim
793 3139 882 3181 suam
900 3119 1069 3180 remixtum
1087 3118 1158 3180 cibo
1174 3119 1325 3199 perdidit:

113 3205 262 3288 uenenum
291 3225 341 3288 ille
371 3225 478 3288 dando
510 3225 635 3288 sceleris
665 3245 700 3288 se
730 3224 895 3306 obligauit,
934 3213 1028 3286 etiarn
1064 3225 1090 3286 si
1120 3245 1182 3285 non
1215 3227 1328 3288 nocuit.

112 3351 170 3394 non
195 3334 294 3396 minus
317 3332 398 3396 latro
415 3341 472 3406 est,
496 3332 581 3394 cuius
597 3332 694 3394 telum
712 3331 860 3412 obposita
883 3340 970 3393 ueste
988 3329 1108 3392 elusum
1126 3339 1178 3392 est.
1223 3332 1330 3393 omnia

112 3437 224 3500 scelera
246 3441 340 3502 etiam
365 3449 438 3503 ante
462 3438 608 3500 effectum
634 3438 745 3520 operis,
770 3447 922 3518 quantum
946 3436 1055 3518 culpae
1079 3439 1153 3500 satis
1178 3444 1234 3511 est,
1258 3458 1327 3519 per-

84 3545 191 3610 nfecta
213 3554 291 3607 sunt.
332 3547 489 3626 quaedam
514 3543 579 3606 eius
603 3544 796 3608 condicionis
819 3553 891 3606 sunt
907 3553 939 3606 et
962 3541 1022 3605 hac
1046 3543 1112 3605 uice
1136 3543 1328 3624 copulantur,
1343 3565 1368 3606 ευ

204 3719 210 3771 l
224 3723 306 3784 menia
380 3721 395 3773 ‘2
409 3739 471 3786 quae
483 3721 576 3771 habent
589 3721 693 3769 inustum
707 3717 796 3772 Koch:
812 3720 904 3768 habent
917 3720 962 3767 ista
977 3719 1089 3785 (fatentia
1102 3720 1192 3769 hostile
1204 3719 1327 3767 fastidium

113 3821 230 3896 Maduip)
334 3829 349 3879 :t
369 3827 542 3888 ÷sastidium,
568 3825 595 3878 in
620 3843 706 3896 marq.
727 3842 761 3881 m.
781 3841 834 3880 rec.
861 3843 880 3875 4-
894 3827 1022 3890 uestigium
1130 3806 1253 3890 illaq;qu⁹
1271 3825 1327 3890 (quc

113 3929 142 3965 m.
156 3916 369 3984 reosupcrscr.)
448 3914 531 3966 tldiis
610 3915 678 3980 hqd
698 3915 725 3982 (d
745 3929 817 3968 corr.
831 3930 868 3969 ex
888 3915 906 3980 t)
985 3917 1031 3964 ista
1109 3913 1327 3964 acontormamus

1135 4014 1140 4039 l

118 4053 262 4124 Woelfflin:
284 4059 456 4107 confirmamus
547 4063 570 4108 et
589 4055 763 4111 addimit.
838 4056 868 4108 ll
890 4059 936 4106 hec
1024 4057 1054 4108 12
1073 4057 1168 4105 ualidus
1188 4055 1206 4122 (i
1226 4054 1326 4123 mpr.)

204 4145 230 4196 ll
248 4141 318 4195 nisia
333 4147 404 4196 malis
501 4146 529 4197 lll
549 4147 701 4196 rimonendus
792 4146 825 4200 22
845 4138 875 4211 qa
895 4145 973 4212 (ras.)
1065 4146 1098 4196 ‘lii
1118 4153 1151 4195 ett
1172 4145 1250 4192 aliena
1266 4141 1325 4195 cod.

116 4234 192 4282 aliena
215 4234 268 4287 siue
291 4246 345 4284 cunr
371 4233 483 4289 Fickert
506 4243 531 4289 et
554 4233 648 4288 Haase
755 4235 789 4287 aa
814 4236 942 4285 remixtum
967 4231 1049 4304 untho
1072 4239 1134 4286 ante
1152 4229 1350 4304 Ficlcertum:¹

116 4323 238 4372 remixtam
308 4323 341 4376 27
360 4323 400 4372 ille
414 4319 541 4394 Maduiy:
558 4324 617 4372 illud
690 4325 786 4373 sceleris
802 4323 999 4377 Gertzzsceleri
1071 4322 1105 4374 30
1125 4338 1140 4368 u
1159 4321 1327 4370 aeifidiciouis

116 4417 165 4460 sunt
184 4409 212 4462 iu
229 4426 309 4482 marq.
323 4428 355 4465 m.
370 4411 416 4466 al.
