<?xml version="1.0" encoding="UTF-8"?>
<!DOCTYPE html PUBLIC "-//W3C//DTD XHTML 1.0 Transitional//EN"
    "http://www.w3.org/TR/xhtml1/DTD/xhtml1-transitional.dtd">
<html xmlns="http://www.w3.org/1999/xhtml" xml:lang="en" lang="en">
 <head>
  <title>
</title>
<meta http-equiv="Content-Type" content="text/html;charset=utf-8" />
  <meta name='ocr-system' content='tesseract 3.04.00' />
  <meta name='ocr-capabilities' content='ocr_page ocr_carea ocr_par ocr_line ocrx_word'/>
</head>
<body>
  <div class='ocr_page' id='page_1' title='image "./lannaeisenecaed01vahlgoog_0088.png"; bbox 0 0 3212 5326; ppageno 0'>
   <div class='ocr_carea' id='block_1_1' title="bbox 447 381 1303 455">
    <p class='ocr_par' dir='ltr' id='par_1_1' title="bbox 447 381 1303 455">
     <span class='ocr_line' id='line_1_1' title="bbox 447 381 1303 455; baseline 0.008 -32"><span class='ocrx_word' id='word_1_1' title='bbox 447 382 527 424; x_wconf 83' lang='lat' dir='ltr'>DIAL.</span> <span class='ocrx_word' id='word_1_2' title='bbox 545 382 583 424; x_wconf 88' lang='lat' dir='ltr'>III.</span> <span class='ocrx_word' id='word_1_3' title='bbox 615 381 653 426; x_wconf 78' lang='lat' dir='ltr'>bn</span> <span class='ocrx_word' id='word_1_4' title='bbox 669 382 720 423; x_wconf 80' lang='lat' dir='ltr'>1er</span> <span class='ocrx_word' id='word_1_5' title='bbox 736 381 789 426; x_wconf 88' lang='lat' dir='ltr'>LlB.</span> <span class='ocrx_word' id='word_1_6' title='bbox 807 381 824 424; x_wconf 93' lang='lat' dir='ltr'>I.</span> <span class='ocrx_word' id='word_1_7' title='bbox 847 383 879 428; x_wconf 74' lang='lat' dir='ltr'>tt.</span> <span class='ocrx_word' id='word_1_8' title='bbox 897 385 927 426; x_wconf 81' lang='lat'>1³.</span> <span class='ocrx_word' id='word_1_9' title='bbox 1263 395 1303 455; x_wconf 63' lang='grc'>47</span> 
     </span>
    </p>
   </div>
   <div class='ocr_carea' id='block_1_2' title="bbox 67 528 1378 3810">
    <p class='ocr_par' dir='ltr' id='par_1_2' title="bbox 70 528 1345 1680">
     <span class='ocr_line' id='line_1_2' title="bbox 94 528 1302 617; baseline 0.004 -25"><span class='ocrx_word' id='word_1_10' title='bbox 94 539 120 592; x_wconf 90' lang='lat' dir='ltr'>ut</span> <span class='ocrx_word' id='word_1_11' title='bbox 140 531 235 592; x_wconf 91' lang='lat' dir='ltr'>omnis</span> <span class='ocrx_word' id='word_1_12' title='bbox 252 528 317 593; x_wconf 91' lang='lat' dir='ltr'>fere</span> <span class='ocrx_word' id='word_1_13' title='bbox 334 532 495 614; x_wconf 86' lang='lat' dir='ltr'>cupiditas,</span> <span class='ocrx_word' id='word_1_14' title='bbox 520 531 588 614; x_wconf 91' lang='lat' dir='ltr'>ipsa</span> <span class='ocrx_word' id='word_1_15' title='bbox 608 529 666 594; x_wconf 91' lang='lat' dir='ltr'>sibi</span> <span class='ocrx_word' id='word_1_16' title='bbox 690 531 720 593; x_wconf 93' lang='lat' dir='ltr'>in</span> <span class='ocrx_word' id='word_1_17' title='bbox 744 529 775 592; x_wconf 93' lang='lat' dir='ltr'>id</span> <span class='ocrx_word' id='word_1_18' title='bbox 797 531 829 592; x_wconf 92' lang='lat' dir='ltr'>in</span> <span class='ocrx_word' id='word_1_19' title='bbox 845 531 933 613; x_wconf 93' lang='lat' dir='ltr'>quod</span> <span class='ocrx_word' id='word_1_20' title='bbox 949 540 1099 614; x_wconf 83' lang='lat' dir='ltr'>properat</span> <span class='ocrx_word' id='word_1_21' title='bbox 1115 536 1302 617; x_wconf 88' lang='lat' dir='ltr'>opponitur:</span> 
     </span>
     <span class='ocr_line' id='line_1_3' title="bbox 93 636 1304 722; baseline 0.001 -21"><span class='ocrx_word' id='word_1_22' title='bbox 93 641 181 720; x_wconf 85' lang='lat' dir='ltr'>itaque</span> <span class='ocrx_word' id='word_1_23' title='bbox 204 658 263 701; x_wconf 91' lang='lat' dir='ltr'>nec</span> <span class='ocrx_word' id='word_1_24' title='bbox 286 639 317 700; x_wconf 92' lang='lat' dir='ltr'>in</span> <span class='ocrx_word' id='word_1_25' title='bbox 340 657 419 721; x_wconf 92' lang='lat' dir='ltr'>pace</span> <span class='ocrx_word' id='word_1_26' title='bbox 442 657 502 700; x_wconf 88' lang='lat' dir='ltr'>nec</span> <span class='ocrx_word' id='word_1_27' title='bbox 525 638 555 700; x_wconf 89' lang='lat' dir='ltr'>in</span> <span class='ocrx_word' id='word_1_28' title='bbox 579 636 664 700; x_wconf 92' lang='lat' dir='ltr'>bello</span> <span class='ocrx_word' id='word_1_29' title='bbox 688 658 839 720; x_wconf 88' lang='lat' dir='ltr'>umquam</span> <span class='ocrx_word' id='word_1_30' title='bbox 864 641 951 702; x_wconf 91' lang='lat' dir='ltr'>bono</span> <span class='ocrx_word' id='word_1_31' title='bbox 975 640 1038 703; x_wconf 90' lang='lat' dir='ltr'>fuit.</span> <span class='ocrx_word' id='word_1_32' title='bbox 1085 661 1196 722; x_wconf 86' lang='lat' dir='ltr'>pacem</span> <span class='ocrx_word' id='word_1_33' title='bbox 1221 642 1304 703; x_wconf 86' lang='lat' dir='ltr'>enlm</span> 
     </span>
     <span class='ocr_line' id='line_1_4' title="bbox 94 744 1305 820; baseline 0.001 -11"><span class='ocrx_word' id='word_1_34' title='bbox 94 746 209 809; x_wconf 88' lang='lat' dir='ltr'>similem</span> <span class='ocrx_word' id='word_1_35' title='bbox 247 744 322 810; x_wconf 91' lang='lat' dir='ltr'>belli</span> <span class='ocrx_word' id='word_1_36' title='bbox 361 744 470 820; x_wconf 86' lang='lat' dir='ltr'>efficit,</span> <span class='ocrx_word' id='word_1_37' title='bbox 510 745 541 806; x_wconf 94' lang='lat' dir='ltr'>in</span> <span class='ocrx_word' id='word_1_38' title='bbox 579 746 673 808; x_wconf 78' lang='lat' dir='ltr'>armiS</span> <span class='ocrx_word' id='word_1_39' title='bbox 713 767 788 808; x_wconf 91' lang='lat' dir='ltr'>uero</span> <span class='ocrx_word' id='word_1_40' title='bbox 828 746 1020 811; x_wconf 91' lang='lat' dir='ltr'>obliuiscitur</span> <span class='ocrx_word' id='word_1_41' title='bbox 1059 747 1196 811; x_wconf 89' lang='lat' dir='ltr'>Martem</span> <span class='ocrx_word' id='word_1_42' title='bbox 1236 767 1305 810; x_wconf 91' lang='lat' dir='ltr'>esse</span> 
     </span>
     <span class='ocr_line' id='line_1_5' title="bbox 94 851 1304 936; baseline 0.001 -20"><span class='ocrx_word' id='word_1_43' title='bbox 94 873 279 916; x_wconf 90' lang='lat' dir='ltr'>communem</span> <span class='ocrx_word' id='word_1_44' title='bbox 304 853 451 933; x_wconf 91' lang='lat' dir='ltr'>uenitque</span> <span class='ocrx_word' id='word_1_45' title='bbox 482 853 512 914; x_wconf 91' lang='lat' dir='ltr'>in</span> <span class='ocrx_word' id='word_1_46' title='bbox 536 851 669 915; x_wconf 91' lang='lat' dir='ltr'>alienam</span> <span class='ocrx_word' id='word_1_47' title='bbox 692 861 894 936; x_wconf 88' lang='lat' dir='ltr'>potestatem,</span> <span class='ocrx_word' id='word_1_48' title='bbox 927 857 1003 918; x_wconf 91' lang='lat' dir='ltr'>dum</span> <span class='ocrx_word' id='word_1_49' title='bbox 1027 855 1057 918; x_wconf 93' lang='lat' dir='ltr'>in</span> <span class='ocrx_word' id='word_1_50' title='bbox 1080 875 1137 918; x_wconf 89' lang='lat' dir='ltr'>sua</span> <span class='ocrx_word' id='word_1_51' title='bbox 1160 875 1224 917; x_wconf 92' lang='lat' dir='ltr'>non</span> <span class='ocrx_word' id='word_1_52' title='bbox 1248 863 1304 918; x_wconf 89' lang='lat' dir='ltr'>est.</span> 
     </span>
     <span class='ocr_line' id='line_1_6' title="bbox 70 958 1332 1043; baseline 0.002 -19"><span class='ocrx_word' id='word_1_53' title='bbox 70 959 192 1026; x_wconf 79' lang='lat' dir='ltr'>ldeinde</span> <span class='ocrx_word' id='word_1_54' title='bbox 219 979 285 1021; x_wconf 90' lang='lat' dir='ltr'>non</span> <span class='ocrx_word' id='word_1_55' title='bbox 318 958 389 1020; x_wconf 92' lang='lat' dir='ltr'>ideo</span> <span class='ocrx_word' id='word_1_56' title='bbox 420 959 494 1021; x_wconf 85' lang='lat' dir='ltr'>uitia</span> <span class='ocrx_word' id='word_1_57' title='bbox 524 959 555 1020; x_wconf 93' lang='lat' dir='ltr'>in</span> <span class='ocrx_word' id='word_1_58' title='bbox 587 979 678 1021; x_wconf 91' lang='lat' dir='ltr'>usum</span> <span class='ocrx_word' id='word_1_59' title='bbox 710 959 890 1042; x_wconf 89' lang='lat' dir='ltr'>recipienda</span> <span class='ocrx_word' id='word_1_60' title='bbox 919 969 1004 1036; x_wconf 92' lang='lat' dir='ltr'>sunt,</span> <span class='ocrx_word' id='word_1_61' title='bbox 1036 961 1108 1042; x_wconf 90' lang='lat' dir='ltr'>qula</span> <span class='ocrx_word' id='word_1_62' title='bbox 1135 961 1332 1043; x_wconf 76' lang='lat' dir='ltr'>aliquandos</span> 
     </span>
     <span class='ocr_line' id='line_1_7' title="bbox 95 1064 1305 1148; baseline 0.001 -21"><span class='ocrx_word' id='word_1_63' title='bbox 95 1065 191 1146; x_wconf 87' lang='lat' dir='ltr'>aliquid</span> <span class='ocrx_word' id='word_1_64' title='bbox 223 1065 423 1130; x_wconf 83' lang='lat' dir='ltr'>effecerunt&#39;</span> <span class='ocrx_word' id='word_1_65' title='bbox 449 1085 523 1128; x_wconf 89' lang='lat' dir='ltr'>nam</span> <span class='ocrx_word' id='word_1_66' title='bbox 542 1073 587 1128; x_wconf 91' lang='lat' dir='ltr'>-et</span> <span class='ocrx_word' id='word_1_67' title='bbox 625 1064 728 1127; x_wconf 82' lang='lat' dir='ltr'>febres</span> <span class='ocrx_word' id='word_1_68' title='bbox 767 1068 925 1148; x_wconf 83' lang='lat' dir='ltr'>quaedam</span> <span class='ocrx_word' id='word_1_69' title='bbox 965 1087 1083 1148; x_wconf 89' lang='lat' dir='ltr'>genera</span> <span class='ocrx_word' id='word_1_70' title='bbox 1118 1065 1305 1131; x_wconf 89' lang='lat' dir='ltr'>ualetudinis</span> 
     </span>
     <span class='ocr_line' id='line_1_8' title="bbox 95 1171 1305 1248; baseline 0.003 -16"><span class='ocrx_word' id='word_1_71' title='bbox 95 1171 190 1248; x_wconf 88' lang='lat' dir='ltr'>leuant,</span> <span class='ocrx_word' id='word_1_72' title='bbox 213 1191 272 1234; x_wconf 89' lang='lat' dir='ltr'>nec</span> <span class='ocrx_word' id='word_1_73' title='bbox 295 1172 370 1234; x_wconf 90' lang='lat' dir='ltr'>ideo</span> <span class='ocrx_word' id='word_1_74' title='bbox 385 1192 449 1234; x_wconf 93' lang='lat' dir='ltr'>non</span> <span class='ocrx_word' id='word_1_75' title='bbox 466 1191 508 1234; x_wconf 89' lang='lat' dir='ltr'>ex</span> <span class='ocrx_word' id='word_1_76' title='bbox 523 1180 595 1234; x_wconf 93' lang='lat' dir='ltr'>toto</span> <span class='ocrx_word' id='word_1_77' title='bbox 612 1171 669 1233; x_wconf 94' lang='lat' dir='ltr'>illis</span> <span class='ocrx_word' id='word_1_78' title='bbox 685 1173 820 1235; x_wconf 87' lang='lat' dir='ltr'>caruisse</span> <span class='ocrx_word' id='word_1_79' title='bbox 836 1173 946 1236; x_wconf 87' lang='lat' dir='ltr'>nrelius</span> <span class='ocrx_word' id='word_1_80' title='bbox 962 1182 1018 1235; x_wconf 89' lang='lat' dir='ltr'>est.</span> <span class='ocrx_word' id='word_1_81' title='bbox 1055 1174 1305 1236; x_wconf 87' lang='lat' dir='ltr'>abominandum</span> 
     </span>
     <span class='ocr_line' id='line_1_9' title="bbox 95 1275 1305 1360; baseline 0 -20"><span class='ocrx_word' id='word_1_82' title='bbox 95 1275 205 1340; x_wconf 82' lang='lat' dir='ltr'>remedii</span> <span class='ocrx_word' id='word_1_83' title='bbox 236 1298 338 1360; x_wconf 91' lang='lat' dir='ltr'>genus</span> <span class='ocrx_word' id='word_1_84' title='bbox 369 1286 417 1340; x_wconf 92' lang='lat' dir='ltr'>est</span> <span class='ocrx_word' id='word_1_85' title='bbox 456 1279 624 1340; x_wconf 89' lang='lat' dir='ltr'>sanitatem</span> <span class='ocrx_word' id='word_1_86' title='bbox 665 1277 784 1340; x_wconf 89' lang='lat' dir='ltr'>debere</span> <span class='ocrx_word' id='word_1_87' title='bbox 824 1279 947 1343; x_wconf 93' lang='lat' dir='ltr'>morbo.</span> <span class='ocrx_word' id='word_1_88' title='bbox 993 1279 1084 1342; x_wconf 88' lang='lat' dir='ltr'>simili</span> <span class='ocrx_word' id='word_1_89' title='bbox 1124 1279 1222 1342; x_wconf 94' lang='lat' dir='ltr'>modo</span> <span class='ocrx_word' id='word_1_90' title='bbox 1260 1279 1305 1341; x_wconf 92' lang='lat' dir='ltr'>ira</span> 
     </span>
     <span class='ocr_line' id='line_1_10' title="bbox 96 1384 1305 1468; baseline 0.001 -23"><span class='ocrx_word' id='word_1_91' title='bbox 96 1385 174 1446; x_wconf 88' lang='lat' dir='ltr'>etiam</span> <span class='ocrx_word' id='word_1_92' title='bbox 197 1385 221 1447; x_wconf 92' lang='lat' dir='ltr'>si</span> <span class='ocrx_word' id='word_1_93' title='bbox 245 1384 415 1467; x_wconf 86' lang='lat' dir='ltr'>aliquando</span> <span class='ocrx_word' id='word_1_94' title='bbox 440 1393 473 1447; x_wconf 92' lang='lat' dir='ltr'>ut</span> <span class='ocrx_word' id='word_1_95' title='bbox 496 1404 654 1446; x_wconf 91' lang='lat' dir='ltr'>uenenum</span> <span class='ocrx_word' id='word_1_96' title='bbox 683 1393 715 1446; x_wconf 93' lang='lat' dir='ltr'>et</span> <span class='ocrx_word' id='word_1_97' title='bbox 738 1387 954 1468; x_wconf 88' lang='lat' dir='ltr'>praecipitatio</span> <span class='ocrx_word' id='word_1_98' title='bbox 986 1394 1018 1448; x_wconf 89' lang='lat' dir='ltr'>et</span> <span class='ocrx_word' id='word_1_99' title='bbox 1041 1385 1239 1466; x_wconf 80' lang='lat' dir='ltr'>naufragium</span> <span class='ocrx_word' id='word_1_100' title='bbox 1263 1403 1305 1446; x_wconf 89' lang='lat' dir='ltr'>ex</span> 
     </span>
     <span class='ocr_line' id='line_1_11' title="bbox 96 1489 1345 1574; baseline 0.002 -22"><span class='ocrx_word' id='word_1_101' title='bbox 96 1491 239 1574; x_wconf 83' lang='lat' dir='ltr'>inopInato</span> <span class='ocrx_word' id='word_1_102' title='bbox 273 1490 406 1574; x_wconf 83' lang='lat' dir='ltr'>profuit,</span> <span class='ocrx_word' id='word_1_103' title='bbox 437 1511 502 1554; x_wconf 93' lang='lat' dir='ltr'>non</span> <span class='ocrx_word' id='word_1_104' title='bbox 534 1492 607 1553; x_wconf 89' lang='lat' dir='ltr'>ideo</span> <span class='ocrx_word' id='word_1_105' title='bbox 638 1489 780 1554; x_wconf 88' lang='lat' dir='ltr'>salutaris</span> <span class='ocrx_word' id='word_1_106' title='bbox 811 1493 977 1555; x_wconf 90' lang='lat' dir='ltr'>iudicanda</span> <span class='ocrx_word' id='word_1_107' title='bbox 1001 1501 1057 1558; x_wconf 89' lang='lat' dir='ltr'>est.</span> <span class='ocrx_word' id='word_1_108' title='bbox 1104 1511 1199 1573; x_wconf 87' lang='lat' dir='ltr'>saepe</span> <span class='ocrx_word' id='word_1_109' title='bbox 1223 1491 1345 1555; x_wconf 84' lang='lat' dir='ltr'>enimn</span> 
     </span>
     <span class='ocr_line' id='line_1_12' title="bbox 96 1595 459 1680; baseline 0.017 -23"><span class='ocrx_word' id='word_1_110' title='bbox 96 1595 171 1659; x_wconf 85' lang='lat' dir='ltr'>saluti</span> <span class='ocrx_word' id='word_1_111' title='bbox 193 1596 280 1659; x_wconf 91' lang='lat' dir='ltr'>fuere</span> <span class='ocrx_word' id='word_1_112' title='bbox 304 1596 459 1680; x_wconf 90' lang='lat' dir='ltr'>pestifera.</span> 
     </span>
    </p>

    <p class='ocr_par' dir='ltr' id='par_1_3' title="bbox 67 1703 1378 3810">
     <span class='ocr_line' id='line_1_13' title="bbox 72 1703 1305 1786; baseline 0.001 -21"><span class='ocrx_word' id='word_1_113' title='bbox 72 1713 82 1765; x_wconf 90' lang='lat' dir='ltr'>l</span> <span class='ocrx_word' id='word_1_114' title='bbox 168 1703 249 1766; x_wconf 88' lang='lat' dir='ltr'>XIII.</span> <span class='ocrx_word' id='word_1_115' title='bbox 289 1703 415 1766; x_wconf 88' lang='lat' dir='ltr'>Deinde</span> <span class='ocrx_word' id='word_1_116' title='bbox 437 1725 519 1786; x_wconf 91' lang='lat' dir='ltr'>quae</span> <span class='ocrx_word' id='word_1_117' title='bbox 542 1703 689 1767; x_wconf 88' lang='lat' dir='ltr'>habenda</span> <span class='ocrx_word' id='word_1_118' title='bbox 712 1713 792 1779; x_wconf 93' lang='lat' dir='ltr'>sunt,</span> <span class='ocrx_word' id='word_1_119' title='bbox 824 1726 889 1786; x_wconf 95' lang='lat' dir='ltr'>quo</span> <span class='ocrx_word' id='word_1_120' title='bbox 913 1706 1033 1768; x_wconf 91' lang='lat' dir='ltr'>maiora</span> <span class='ocrx_word' id='word_1_121' title='bbox 1057 1725 1096 1767; x_wconf 93' lang='lat' dir='ltr'>eo</span> <span class='ocrx_word' id='word_1_122' title='bbox 1121 1703 1251 1767; x_wconf 88' lang='lat' dir='ltr'>meliora</span> <span class='ocrx_word' id='word_1_123' title='bbox 1274 1712 1305 1766; x_wconf 93' lang='lat' dir='ltr'>et</span> 
     </span>
     <span class='ocr_line' id='line_1_14' title="bbox 98 1809 1305 1891; baseline 0.002 -22"><span class='ocrx_word' id='word_1_124' title='bbox 98 1809 268 1891; x_wconf 89' lang='lat' dir='ltr'>optabiliora</span> <span class='ocrx_word' id='word_1_125' title='bbox 301 1819 383 1874; x_wconf 88' lang='lat' dir='ltr'>sunt.</span> <span class='ocrx_word' id='word_1_126' title='bbox 428 1812 454 1874; x_wconf 92' lang='lat' dir='ltr'>si</span> <span class='ocrx_word' id='word_1_127' title='bbox 488 1811 604 1873; x_wconf 86' lang='lat' dir='ltr'>iustitia</span> <span class='ocrx_word' id='word_1_128' title='bbox 637 1810 759 1874; x_wconf 92' lang='lat' dir='ltr'>bonum</span> <span class='ocrx_word' id='word_1_129' title='bbox 798 1820 861 1887; x_wconf 89' lang='lat' dir='ltr'>est,</span> <span class='ocrx_word' id='word_1_130' title='bbox 900 1831 995 1874; x_wconf 91' lang='lat' dir='ltr'>nemo</span> <span class='ocrx_word' id='word_1_131' title='bbox 1027 1813 1111 1875; x_wconf 89' lang='lat' dir='ltr'>dicet</span> <span class='ocrx_word' id='word_1_132' title='bbox 1141 1810 1305 1874; x_wconf 91' lang='lat' dir='ltr'>meliorem</span> 
     </span>
     <span class='ocr_line' id='line_1_15' title="bbox 73 1913 1305 1998; baseline 0 -19"><span class='ocrx_word' id='word_1_133' title='bbox 73 1913 224 1991; x_wconf 83' lang='lat' dir='ltr'>lfuturam,</span> <span class='ocrx_word' id='word_1_134' title='bbox 246 1917 273 1979; x_wconf 92' lang='lat' dir='ltr'>si</span> <span class='ocrx_word' id='word_1_135' title='bbox 296 1917 372 1998; x_wconf 91' lang='lat' dir='ltr'>quid</span> <span class='ocrx_word' id='word_1_136' title='bbox 395 1918 572 1980; x_wconf 90' lang='lat' dir='ltr'>detractum</span> <span class='ocrx_word' id='word_1_137' title='bbox 602 1937 643 1978; x_wconf 88' lang='lat' dir='ltr'>ex</span> <span class='ocrx_word' id='word_1_138' title='bbox 667 1937 705 1979; x_wconf 92' lang='lat' dir='ltr'>ea</span> <span class='ocrx_word' id='word_1_139' title='bbox 727 1916 824 1981; x_wconf 89' lang='lat' dir='ltr'>fuerit.</span> <span class='ocrx_word' id='word_1_140' title='bbox 872 1919 897 1980; x_wconf 92' lang='lat' dir='ltr'>si</span> <span class='ocrx_word' id='word_1_141' title='bbox 927 1917 1080 1993; x_wconf 83' lang='lat' dir='ltr'>fortitudo</span> <span class='ocrx_word' id='word_1_142' title='bbox 1103 1917 1225 1980; x_wconf 94' lang='lat' dir='ltr'>bonum</span> <span class='ocrx_word' id='word_1_143' title='bbox 1249 1926 1305 1993; x_wconf 89' lang='lat' dir='ltr'>est,</span> 
     </span>
     <span class='ocr_line' id='line_1_16' title="bbox 97 2023 1345 2106; baseline 0.001 -23"><span class='ocrx_word' id='word_1_144' title='bbox 97 2041 176 2085; x_wconf 85' lang='lat' dir='ltr'>nemo</span> <span class='ocrx_word' id='word_1_145' title='bbox 199 2023 282 2086; x_wconf 92' lang='lat' dir='ltr'>illam</span> <span class='ocrx_word' id='word_1_146' title='bbox 307 2023 499 2086; x_wconf 90' lang='lat' dir='ltr'>desiderabit</span> <span class='ocrx_word' id='word_1_147' title='bbox 521 2044 564 2086; x_wconf 88' lang='lat' dir='ltr'>ex</span> <span class='ocrx_word' id='word_1_148' title='bbox 587 2024 691 2106; x_wconf 88' lang='lat' dir='ltr'>aliqua</span> <span class='ocrx_word' id='word_1_149' title='bbox 713 2033 803 2106; x_wconf 88' lang='lat' dir='ltr'>parte</span> <span class='ocrx_word' id='word_1_150' title='bbox 827 2026 983 2087; x_wconf 84' lang='lat' dir='ltr'>deminui:</span> <span class='ocrx_word' id='word_1_151' title='bbox 1015 2045 1093 2105; x_wconf 89' lang='lat' dir='ltr'>ergo</span> <span class='ocrx_word' id='word_1_152' title='bbox 1117 2033 1149 2086; x_wconf 92' lang='lat' dir='ltr'>et</span> <span class='ocrx_word' id='word_1_153' title='bbox 1172 2025 1217 2087; x_wconf 94' lang='lat' dir='ltr'>ira</span> <span class='ocrx_word' id='word_1_154' title='bbox 1240 2045 1304 2106; x_wconf 94' lang='lat' dir='ltr'>quo</span> <span class='ocrx_word' id='word_1_155' title='bbox 1321 2044 1345 2084; x_wconf 81' lang='lat' dir='ltr'>rs</span> 
     </span>
     <span class='ocr_line' id='line_1_17' title="bbox 97 2129 1304 2211; baseline 0.003 -23"><span class='ocrx_word' id='word_1_156' title='bbox 97 2130 182 2192; x_wconf 84' lang='lat' dir='ltr'>maior</span> <span class='ocrx_word' id='word_1_157' title='bbox 204 2129 265 2192; x_wconf 93' lang='lat' dir='ltr'>hoc</span> <span class='ocrx_word' id='word_1_158' title='bbox 289 2129 408 2194; x_wconf 90' lang='lat' dir='ltr'>melior.</span> <span class='ocrx_word' id='word_1_159' title='bbox 447 2131 516 2211; x_wconf 92' lang='lat' dir='ltr'>quis</span> <span class='ocrx_word' id='word_1_160' title='bbox 539 2131 622 2192; x_wconf 91' lang='lat' dir='ltr'>enim</span> <span class='ocrx_word' id='word_1_161' title='bbox 647 2130 736 2192; x_wconf 91' lang='lat' dir='ltr'>ullius</span> <span class='ocrx_word' id='word_1_162' title='bbox 759 2129 836 2193; x_wconf 94' lang='lat' dir='ltr'>boni</span> <span class='ocrx_word' id='word_1_163' title='bbox 858 2132 1071 2192; x_wconf 88' lang='lat' dir='ltr'>accessionem</span> <span class='ocrx_word' id='word_1_164' title='bbox 1095 2131 1304 2193; x_wconf 85' lang='lat' dir='ltr'>recusauerit?</span> 
     </span>
     <span class='ocr_line' id='line_1_18' title="bbox 98 2234 1304 2318; baseline 0.003 -24"><span class='ocrx_word' id='word_1_165' title='bbox 98 2237 168 2316; x_wconf 89' lang='lat' dir='ltr'>atqui</span> <span class='ocrx_word' id='word_1_166' title='bbox 190 2237 297 2318; x_wconf 87' lang='lat' dir='ltr'>augeri</span> <span class='ocrx_word' id='word_1_167' title='bbox 319 2234 405 2300; x_wconf 90' lang='lat' dir='ltr'>illam</span> <span class='ocrx_word' id='word_1_168' title='bbox 420 2235 527 2299; x_wconf 89' lang='lat' dir='ltr'>inutile</span> <span class='ocrx_word' id='word_1_169' title='bbox 551 2245 617 2298; x_wconf 92' lang='lat' dir='ltr'>est:</span> <span class='ocrx_word' id='word_1_170' title='bbox 645 2255 723 2317; x_wconf 86' lang='lat' dir='ltr'>ergo</span> <span class='ocrx_word' id='word_1_171' title='bbox 748 2245 780 2298; x_wconf 92' lang='lat' dir='ltr'>et</span> <span class='ocrx_word' id='word_1_172' title='bbox 803 2256 881 2299; x_wconf 91' lang='lat' dir='ltr'>esse.</span> <span class='ocrx_word' id='word_1_173' title='bbox 912 2256 977 2298; x_wconf 93' lang='lat' dir='ltr'>non</span> <span class='ocrx_word' id='word_1_174' title='bbox 1000 2245 1049 2299; x_wconf 92' lang='lat' dir='ltr'>est</span> <span class='ocrx_word' id='word_1_175' title='bbox 1071 2236 1193 2299; x_wconf 92' lang='lat' dir='ltr'>bonum</span> <span class='ocrx_word' id='word_1_176' title='bbox 1217 2237 1304 2318; x_wconf 94' lang='lat' dir='ltr'>quod</span> 
     </span>
     <span class='ocr_line' id='line_1_19' title="bbox 72 2341 1305 2426; baseline 0.002 -22"><span class='ocrx_word' id='word_1_177' title='bbox 72 2341 274 2404; x_wconf 88' lang='lat' dir='ltr'>3incremento</span> <span class='ocrx_word' id='word_1_178' title='bbox 306 2342 423 2405; x_wconf 91' lang='lat' dir='ltr'>malum</span> <span class='ocrx_word' id='word_1_179' title='bbox 455 2343 498 2408; x_wconf 85' lang='lat' dir='ltr'>fit.</span> <span class='ocrx_word' id='word_1_180' title='bbox 553 2342 650 2418; x_wconf 89' lang='lat' dir='ltr'>utilis,</span> <span class='ocrx_word' id='word_1_181' title='bbox 680 2343 794 2424; x_wconf 89' lang='lat' dir='ltr'>inquit,</span> <span class='ocrx_word' id='word_1_182' title='bbox 825 2344 871 2405; x_wconf 90' lang='lat' dir='ltr'>lra</span> <span class='ocrx_word' id='word_1_183' title='bbox 901 2351 964 2419; x_wconf 87' lang='lat' dir='ltr'>est,</span> <span class='ocrx_word' id='word_1_184' title='bbox 995 2345 1067 2426; x_wconf 89' lang='lat' dir='ltr'>quia</span> <span class='ocrx_word' id='word_1_185' title='bbox 1096 2345 1305 2426; x_wconf 84' lang='lat' dir='ltr'>pugnaciores</span> 
     </span>
     <span class='ocr_line' id='line_1_20' title="bbox 97 2445 1305 2532; baseline 0.004 -25"><span class='ocrx_word' id='word_1_186' title='bbox 97 2445 163 2511; x_wconf 85' lang='lat' dir='ltr'>facit.</span> <span class='ocrx_word' id='word_1_187' title='bbox 212 2451 275 2511; x_wconf 93' lang='lat' dir='ltr'>isto</span> <span class='ocrx_word' id='word_1_188' title='bbox 307 2451 407 2512; x_wconf 94' lang='lat' dir='ltr'>modo</span> <span class='ocrx_word' id='word_1_189' title='bbox 439 2460 471 2513; x_wconf 89' lang='lat' dir='ltr'>et</span> <span class='ocrx_word' id='word_1_190' title='bbox 498 2449 650 2512; x_wconf 87' lang='lat' dir='ltr'>ebrietas:</span> <span class='ocrx_word' id='word_1_191' title='bbox 685 2449 757 2512; x_wconf 87' lang='lat' dir='ltr'>facit</span> <span class='ocrx_word' id='word_1_192' title='bbox 785 2451 868 2512; x_wconf 92' lang='lat' dir='ltr'>enim</span> <span class='ocrx_word' id='word_1_193' title='bbox 899 2459 1090 2532; x_wconf 89' lang='lat' dir='ltr'>propteruos</span> <span class='ocrx_word' id='word_1_194' title='bbox 1114 2458 1146 2512; x_wconf 92' lang='lat' dir='ltr'>et</span> <span class='ocrx_word' id='word_1_195' title='bbox 1169 2450 1305 2512; x_wconf 91' lang='lat' dir='ltr'>audaces</span> 
     </span>
     <span class='ocr_line' id='line_1_21' title="bbox 96 2552 1345 2637; baseline 0.002 -25"><span class='ocrx_word' id='word_1_196' title='bbox 96 2552 231 2637; x_wconf 90' lang='lat' dir='ltr'>multique</span> <span class='ocrx_word' id='word_1_197' title='bbox 264 2555 410 2619; x_wconf 90' lang='lat' dir='ltr'>meliores</span> <span class='ocrx_word' id='word_1_198' title='bbox 441 2557 482 2619; x_wconf 88' lang='lat' dir='ltr'>ad</span> <span class='ocrx_word' id='word_1_199' title='bbox 513 2555 628 2618; x_wconf 93' lang='lat' dir='ltr'>ferrum</span> <span class='ocrx_word' id='word_1_200' title='bbox 661 2554 748 2618; x_wconf 89' lang='lat' dir='ltr'>fuere</span> <span class='ocrx_word' id='word_1_201' title='bbox 778 2555 861 2618; x_wconf 89' lang='lat' dir='ltr'>male</span> <span class='ocrx_word' id='word_1_202' title='bbox 891 2556 996 2620; x_wconf 91' lang='lat' dir='ltr'>sobrii.</span> <span class='ocrx_word' id='word_1_203' title='bbox 1041 2558 1102 2620; x_wconf 88' lang='lat' dir='ltr'>isto</span> <span class='ocrx_word' id='word_1_204' title='bbox 1131 2557 1231 2619; x_wconf 95' lang='lat' dir='ltr'>modo</span> <span class='ocrx_word' id='word_1_205' title='bbox 1255 2557 1306 2618; x_wconf 93' lang='lat' dir='ltr'>dic</span> <span class='ocrx_word' id='word_1_206' title='bbox 1320 2573 1345 2614; x_wconf 85' lang='lat' dir='ltr'>n</span> 
     </span>
     <span class='ocr_line' id='line_1_22' title="bbox 94 2661 1304 2744; baseline 0.006 -26"><span class='ocrx_word' id='word_1_207' title='bbox 94 2666 120 2719; x_wconf 91' lang='lat' dir='ltr'>et</span> <span class='ocrx_word' id='word_1_208' title='bbox 145 2661 308 2742; x_wconf 81' lang='lat' dir='ltr'>phrenesin</span> <span class='ocrx_word' id='word_1_209' title='bbox 332 2671 426 2744; x_wconf 92' lang='lat' dir='ltr'>atque</span> <span class='ocrx_word' id='word_1_210' title='bbox 449 2663 600 2725; x_wconf 90' lang='lat' dir='ltr'>insaniam</span> <span class='ocrx_word' id='word_1_211' title='bbox 624 2662 741 2724; x_wconf 91' lang='lat' dir='ltr'>uiribus</span> <span class='ocrx_word' id='word_1_212' title='bbox 768 2663 992 2738; x_wconf 88' lang='lat' dir='ltr'>necessariam,</span> <span class='ocrx_word' id='word_1_213' title='bbox 1016 2663 1089 2744; x_wconf 89' lang='lat' dir='ltr'>quia</span> <span class='ocrx_word' id='word_1_214' title='bbox 1112 2683 1207 2744; x_wconf 92' lang='lat' dir='ltr'>saepe</span> <span class='ocrx_word' id='word_1_215' title='bbox 1230 2663 1304 2726; x_wconf 92' lang='lat' dir='ltr'>uali-</span> 
     </span>
     <span class='ocr_line' id='line_1_23' title="bbox 68 2764 1305 2851; baseline 0.004 -25"><span class='ocrx_word' id='word_1_216' title='bbox 68 2764 184 2829; x_wconf 85' lang='lat' dir='ltr'>ldiores</span> <span class='ocrx_word' id='word_1_217' title='bbox 215 2768 300 2830; x_wconf 91' lang='lat' dir='ltr'>furor</span> <span class='ocrx_word' id='word_1_218' title='bbox 331 2769 442 2834; x_wconf 89' lang='lat' dir='ltr'>reddit.</span> <span class='ocrx_word' id='word_1_219' title='bbox 488 2771 584 2850; x_wconf 86' lang='lat' dir='ltr'>quid?</span> <span class='ocrx_word' id='word_1_220' title='bbox 623 2788 688 2831; x_wconf 92' lang='lat' dir='ltr'>non</span> <span class='ocrx_word' id='word_1_221' title='bbox 724 2767 910 2851; x_wconf 88' lang='lat' dir='ltr'>aliquotiens</span> <span class='ocrx_word' id='word_1_222' title='bbox 940 2778 1043 2831; x_wconf 87' lang='lat' dir='ltr'>metus</span> <span class='ocrx_word' id='word_1_223' title='bbox 1075 2789 1116 2831; x_wconf 87' lang='lat' dir='ltr'>ex</span> <span class='ocrx_word' id='word_1_224' title='bbox 1147 2770 1305 2832; x_wconf 89' lang='lat' dir='ltr'>contrario</span> 
     </span>
     <span class='ocr_line' id='line_1_24' title="bbox 94 2865 1378 2952; baseline 0.005 -22"><span class='ocrx_word' id='word_1_225' title='bbox 94 2867 155 2935; x_wconf 89' lang='lat' dir='ltr'>fecit</span> <span class='ocrx_word' id='word_1_226' title='bbox 184 2874 353 2952; x_wconf 84' lang='lat' dir='ltr'>audacem,</span> <span class='ocrx_word' id='word_1_227' title='bbox 393 2883 425 2938; x_wconf 93' lang='lat' dir='ltr'>et</span> <span class='ocrx_word' id='word_1_228' title='bbox 461 2877 571 2939; x_wconf 91' lang='lat' dir='ltr'>mortis</span> <span class='ocrx_word' id='word_1_229' title='bbox 602 2875 699 2937; x_wconf 91' lang='lat' dir='ltr'>timor</span> <span class='ocrx_word' id='word_1_230' title='bbox 732 2875 827 2937; x_wconf 92' lang='lat' dir='ltr'>etiam</span> <span class='ocrx_word' id='word_1_231' title='bbox 859 2875 1063 2938; x_wconf 84' lang='lat' dir='ltr'>inertissImos</span> <span class='ocrx_word' id='word_1_232' title='bbox 1094 2876 1244 2938; x_wconf 88' lang='lat' dir='ltr'>excitauit</span> <span class='ocrx_word' id='word_1_233' title='bbox 1274 2877 1305 2938; x_wconf 92' lang='lat' dir='ltr'>in</span> <span class='ocrx_word' id='word_1_234' title='bbox 1374 2865 1378 2882; x_wconf 85' lang='lat'><em>&#39;</em></span> 
     </span>
     <span class='ocr_line' id='line_1_25' title="bbox 93 2979 1304 3063; baseline 0.004 -24"><span class='ocrx_word' id='word_1_235' title='bbox 93 2979 255 3057; x_wconf 83' lang='lat' dir='ltr'>proelium?</span> <span class='ocrx_word' id='word_1_236' title='bbox 295 2983 352 3044; x_wconf 91' lang='lat' dir='ltr'>sed</span> <span class='ocrx_word' id='word_1_237' title='bbox 376 2983 428 3057; x_wconf 89' lang='lat' dir='ltr'>ira,</span> <span class='ocrx_word' id='word_1_238' title='bbox 457 2982 600 3058; x_wconf 88' lang='lat' dir='ltr'>ebrietas,</span> <span class='ocrx_word' id='word_1_239' title='bbox 631 2989 733 3044; x_wconf 89' lang='lat' dir='ltr'>metus</span> <span class='ocrx_word' id='word_1_240' title='bbox 757 2981 879 3063; x_wconf 87' lang='lat' dir='ltr'>aliaque</span> <span class='ocrx_word' id='word_1_241' title='bbox 902 2981 1056 3044; x_wconf 90' lang='lat' dir='ltr'>eiusmodi</span> <span class='ocrx_word' id='word_1_242' title='bbox 1079 2981 1175 3044; x_wconf 88' lang='lat' dir='ltr'>foeda</span> <span class='ocrx_word' id='word_1_243' title='bbox 1198 2991 1230 3044; x_wconf 90' lang='lat' dir='ltr'>et</span> <span class='ocrx_word' id='word_1_244' title='bbox 1253 3002 1304 3044; x_wconf 86' lang='lat' dir='ltr'>ca-</span> 
     </span>
     <span class='ocr_line' id='line_1_26' title="bbox 93 3083 1346 3170; baseline 0.001 -26"><span class='ocrx_word' id='word_1_245' title='bbox 93 3083 163 3148; x_wconf 87' lang='lat' dir='ltr'>duca</span> <span class='ocrx_word' id='word_1_246' title='bbox 189 3089 389 3152; x_wconf 84' lang='lat' dir='ltr'>inritamenta</span> <span class='ocrx_word' id='word_1_247' title='bbox 419 3097 491 3151; x_wconf 91' lang='lat' dir='ltr'>sunt</span> <span class='ocrx_word' id='word_1_248' title='bbox 521 3109 581 3150; x_wconf 92' lang='lat' dir='ltr'>nec</span> <span class='ocrx_word' id='word_1_249' title='bbox 611 3089 758 3151; x_wconf 90' lang='lat' dir='ltr'>uirtutem</span> <span class='ocrx_word' id='word_1_250' title='bbox 792 3089 961 3164; x_wconf 89' lang='lat' dir='ltr'>instruunt,</span> <span class='ocrx_word' id='word_1_251' title='bbox 1001 3109 1082 3170; x_wconf 88' lang='lat' dir='ltr'>quae</span> <span class='ocrx_word' id='word_1_252' title='bbox 1121 3087 1194 3151; x_wconf 92' lang='lat' dir='ltr'>nihil</span> <span class='ocrx_word' id='word_1_253' title='bbox 1225 3089 1305 3151; x_wconf 91' lang='lat' dir='ltr'>uitiis</span> <span class='ocrx_word' id='word_1_254' title='bbox 1320 3105 1346 3146; x_wconf 77' lang='lat' dir='ltr'>aa</span> 
     </span>
     <span class='ocr_line' id='line_1_27' title="bbox 94 3181 1306 3279; baseline 0.005 -27"><span class='ocrx_word' id='word_1_255' title='bbox 94 3201 169 3272; x_wconf 88' lang='lat' dir='ltr'>eget,</span> <span class='ocrx_word' id='word_1_256' title='bbox 198 3181 255 3258; x_wconf 82' lang='lat' dir='ltr'>sed</span> <span class='ocrx_word' id='word_1_257' title='bbox 286 3215 418 3277; x_wconf 89' lang='lat' dir='ltr'>segnem</span> <span class='ocrx_word' id='word_1_258' title='bbox 442 3194 559 3279; x_wconf 77' lang='lat' dir='ltr'>alioqui</span> <span class='ocrx_word' id='word_1_259' title='bbox 588 3187 727 3257; x_wconf 86' lang='lat' dir='ltr'>animirm</span> <span class='ocrx_word' id='word_1_260' title='bbox 751 3204 784 3257; x_wconf 90' lang='lat' dir='ltr'>et</span> <span class='ocrx_word' id='word_1_261' title='bbox 808 3195 957 3274; x_wconf 91' lang='lat' dir='ltr'>ignauum</span> <span class='ocrx_word' id='word_1_262' title='bbox 986 3195 1124 3276; x_wconf 89' lang='lat' dir='ltr'>paullum</span> <span class='ocrx_word' id='word_1_263' title='bbox 1148 3193 1306 3258; x_wconf 89' lang='lat' dir='ltr'>adleuant.</span> 
     </span>
     <span class='ocr_line' id='line_1_28' title="bbox 67 3287 1376 3384; baseline 0.005 -26"><span class='ocrx_word' id='word_1_264' title='bbox 67 3303 177 3362; x_wconf 73' lang='lat' dir='ltr'>inemo</span> <span class='ocrx_word' id='word_1_265' title='bbox 206 3303 371 3364; x_wconf 89' lang='lat' dir='ltr'>irascendo</span> <span class='ocrx_word' id='word_1_266' title='bbox 399 3301 434 3364; x_wconf 85' lang='lat' dir='ltr'>fit</span> <span class='ocrx_word' id='word_1_267' title='bbox 465 3301 590 3377; x_wconf 91' lang='lat' dir='ltr'>fortior,</span> <span class='ocrx_word' id='word_1_268' title='bbox 630 3302 688 3365; x_wconf 90' lang='lat' dir='ltr'>nisi</span> <span class='ocrx_word' id='word_1_269' title='bbox 721 3302 773 3384; x_wconf 88' lang='lat' dir='ltr'>qui</span> <span class='ocrx_word' id='word_1_270' title='bbox 805 3299 893 3364; x_wconf 92' lang='lat' dir='ltr'>fortis</span> <span class='ocrx_word' id='word_1_271' title='bbox 924 3303 990 3364; x_wconf 88' lang='lat' dir='ltr'>sine</span> <span class='ocrx_word' id='word_1_272' title='bbox 1021 3303 1065 3364; x_wconf 91' lang='lat' dir='ltr'>ira</span> <span class='ocrx_word' id='word_1_273' title='bbox 1096 3321 1160 3362; x_wconf 89' lang='lat' dir='ltr'>non</span> <span class='ocrx_word' id='word_1_274' title='bbox 1190 3301 1306 3365; x_wconf 87' lang='lat' dir='ltr'>fuisset.</span> <span class='ocrx_word' id='word_1_275' title='bbox 1373 3287 1376 3296; x_wconf 46' lang='lat'>¹</span> 
     </span>
     <span class='ocr_line' id='line_1_29' title="bbox 94 3405 1307 3491; baseline 0.006 -27"><span class='ocrx_word' id='word_1_276' title='bbox 94 3405 130 3467; x_wconf 91' lang='lat' dir='ltr'>ita</span> <span class='ocrx_word' id='word_1_277' title='bbox 158 3428 217 3470; x_wconf 94' lang='lat' dir='ltr'>non</span> <span class='ocrx_word' id='word_1_278' title='bbox 247 3410 279 3470; x_wconf 92' lang='lat' dir='ltr'>in</span> <span class='ocrx_word' id='word_1_279' title='bbox 309 3408 497 3470; x_wconf 90' lang='lat' dir='ltr'>adiutorium</span> <span class='ocrx_word' id='word_1_280' title='bbox 525 3408 647 3471; x_wconf 91' lang='lat' dir='ltr'>uirtutis</span> <span class='ocrx_word' id='word_1_281' title='bbox 670 3408 770 3483; x_wconf 89' lang='lat' dir='ltr'>uenit,</span> <span class='ocrx_word' id='word_1_282' title='bbox 802 3409 859 3470; x_wconf 90' lang='lat' dir='ltr'>sed</span> <span class='ocrx_word' id='word_1_283' title='bbox 890 3409 920 3470; x_wconf 92' lang='lat' dir='ltr'>in</span> <span class='ocrx_word' id='word_1_284' title='bbox 952 3408 1061 3472; x_wconf 90' lang='lat' dir='ltr'>uicem.</span> <span class='ocrx_word' id='word_1_285' title='bbox 1107 3407 1181 3490; x_wconf 88' lang='lat' dir='ltr'>quid</span> <span class='ocrx_word' id='word_1_286' title='bbox 1209 3409 1307 3491; x_wconf 92' lang='lat' dir='ltr'>quod,</span> 
     </span>
     <span class='ocr_line' id='line_1_30' title="bbox 94 3511 1307 3598; baseline 0.005 -26"><span class='ocrx_word' id='word_1_287' title='bbox 94 3513 115 3572; x_wconf 91' lang='lat' dir='ltr'>si</span> <span class='ocrx_word' id='word_1_288' title='bbox 140 3514 255 3577; x_wconf 93' lang='lat' dir='ltr'>bonum</span> <span class='ocrx_word' id='word_1_289' title='bbox 288 3523 372 3577; x_wconf 89' lang='lat' dir='ltr'>esset</span> <span class='ocrx_word' id='word_1_290' title='bbox 402 3517 461 3591; x_wconf 91' lang='lat' dir='ltr'>ira,</span> <span class='ocrx_word' id='word_1_291' title='bbox 492 3511 753 3596; x_wconf 89' lang='lat' dir='ltr'>perfectissimum</span> <span class='ocrx_word' id='word_1_292' title='bbox 786 3533 944 3596; x_wconf 91' lang='lat' dir='ltr'>quemque</span> <span class='ocrx_word' id='word_1_293' title='bbox 980 3518 1182 3596; x_wconf 85' lang='lat' dir='ltr'>sequeretur?</span> <span class='ocrx_word' id='word_1_294' title='bbox 1221 3515 1307 3598; x_wconf 89' lang='lat' dir='ltr'>atqui</span> 
     </span>
     <span class='ocr_line' id='line_1_31' title="bbox 94 3617 1348 3704; baseline 0.001 -26"><span class='ocrx_word' id='word_1_295' title='bbox 94 3617 306 3684; x_wconf 84' lang='lat' dir='ltr'>iracundissimi</span> <span class='ocrx_word' id='word_1_296' title='bbox 336 3619 469 3685; x_wconf 86' lang='lat' dir='ltr'>infantes</span> <span class='ocrx_word' id='word_1_297' title='bbox 499 3641 653 3704; x_wconf 89' lang='lat' dir='ltr'>senesque</span> <span class='ocrx_word' id='word_1_298' title='bbox 677 3629 709 3682; x_wconf 92' lang='lat' dir='ltr'>et</span> <span class='ocrx_word' id='word_1_299' title='bbox 733 3621 819 3701; x_wconf 87' lang='lat' dir='ltr'>aegri</span> <span class='ocrx_word' id='word_1_300' title='bbox 842 3628 922 3682; x_wconf 91' lang='lat' dir='ltr'>sunt.</span> <span class='ocrx_word' id='word_1_301' title='bbox 962 3627 995 3681; x_wconf 86' lang='lat' dir='ltr'>et</span> <span class='ocrx_word' id='word_1_302' title='bbox 1018 3619 1187 3682; x_wconf 90' lang='lat' dir='ltr'>inualidum</span> <span class='ocrx_word' id='word_1_303' title='bbox 1212 3641 1307 3684; x_wconf 92' lang='lat' dir='ltr'>omne</span> <span class='ocrx_word' id='word_1_304' title='bbox 1322 3638 1348 3681; x_wconf 82' lang='lat' dir='ltr'>uo</span> 
     </span>
     <span class='ocr_line' id='line_1_32' title="bbox 75 3727 460 3810; baseline 0.018 -26"><span class='ocrx_word' id='word_1_305' title='bbox 75 3733 193 3798; x_wconf 52' lang='lat' dir='ltr'>,natura</span> <span class='ocrx_word' id='word_1_306' title='bbox 215 3727 379 3810; x_wconf 91' lang='lat' dir='ltr'>querulum</span> <span class='ocrx_word' id='word_1_307' title='bbox 403 3737 460 3792; x_wconf 87' lang='lat' dir='ltr'>est.</span> 
     </span>
    </p>
   </div>
   <div class='ocr_carea' id='block_1_3' title="bbox 94 3871 1309 4132">
    <p class='ocr_par' dir='ltr' id='par_1_4' title="bbox 94 3871 1309 4132">
     <span class='ocr_line' id='line_1_33' title="bbox 97 3871 1309 3957; baseline 0.008 -26"><span class='ocrx_word' id='word_1_308' title='bbox 97 3882 209 3950; x_wconf 92' lang='lat' dir='ltr'>linquo</span> <span class='ocrx_word' id='word_1_309' title='bbox 310 3887 326 3939; x_wconf 84' lang='lat'><strong>3</strong></span> <span class='ocrx_word' id='word_1_310' title='bbox 346 3886 421 3936; x_wconf 88' lang='lat' dir='ltr'>eflicit</span> <span class='ocrx_word' id='word_1_311' title='bbox 440 3883 540 3957; x_wconf 78' lang='lat' dir='ltr'>Neup.:</span> <span class='ocrx_word' id='word_1_312' title='bbox 561 3885 641 3935; x_wconf 88' lang='lat' dir='ltr'>effecit</span> <span class='ocrx_word' id='word_1_313' title='bbox 743 3885 758 3936; x_wconf 78' lang='lat' dir='ltr'>f)</span> <span class='ocrx_word' id='word_1_314' title='bbox 778 3895 810 3950; x_wconf 79' lang='lat' dir='ltr'>q²</span> <span class='ocrx_word' id='word_1_315' title='bbox 926 3883 942 3938; x_wconf 79' lang='lat'>9</span> <span class='ocrx_word' id='word_1_316' title='bbox 961 3901 990 3934; x_wconf 83' lang='lat' dir='ltr'>ex</span> <span class='ocrx_word' id='word_1_317' title='bbox 1010 3871 1139 3949; x_wconf 84' lang='lat' dir='ltr'>inopinato</span> <span class='ocrx_word' id='word_1_318' title='bbox 1159 3883 1309 3941; x_wconf 77' lang='lat' dir='ltr'>deteriores</span> 
     </span>
     <span class='ocr_line' id='line_1_34' title="bbox 94 3969 1202 4043; baseline 0.006 -23"><span class='ocrx_word' id='word_1_319' title='bbox 94 3972 215 4027; x_wconf 82' lang='lat' dir='ltr'>nonnulli:</span> <span class='ocrx_word' id='word_1_320' title='bbox 236 3991 266 4024; x_wconf 83' lang='lat' dir='ltr'>ex</span> <span class='ocrx_word' id='word_1_321' title='bbox 285 3975 388 4040; x_wconf 83' lang='lat' dir='ltr'>opinato</span> <span class='ocrx_word' id='word_1_322' title='bbox 496 3974 529 4027; x_wconf 80' lang='lat'>12</span> <span class='ocrx_word' id='word_1_323' title='bbox 549 3975 644 4024; x_wconf 79' lang='lat' dir='ltr'>auenda</span> <span class='ocrx_word' id='word_1_324' title='bbox 660 3969 783 4043; x_wconf 73' lang='lat' dir='ltr'>Maduiq,</span> <span class='ocrx_word' id='word_1_325' title='bbox 803 3971 854 4026; x_wconf 82' lang='lat' dir='ltr'>sed</span> <span class='ocrx_word' id='word_1_326' title='bbox 871 3973 988 4024; x_wconf 83' lang='lat' dir='ltr'>habenda</span> <span class='ocrx_word' id='word_1_327' title='bbox 1008 3979 1098 4028; x_wconf 80' lang='lat' dir='ltr'>tuetur</span> <span class='ocrx_word' id='word_1_328' title='bbox 1120 3971 1202 4029; x_wconf 79' lang='lat' dir='ltr'>Gertz</span> 
     </span>
     <span class='ocr_line' id='line_1_35' title="bbox 97 4057 1206 4132; baseline 0.005 -23"><span class='ocrx_word' id='word_1_329' title='bbox 97 4057 123 4110; x_wconf 80' lang='lat' dir='ltr'>ll</span> <span class='ocrx_word' id='word_1_330' title='bbox 140 4062 192 4126; x_wconf 85' lang='lat' dir='ltr'>siqd</span> <span class='ocrx_word' id='word_1_331' title='bbox 216 4064 242 4126; x_wconf 91' lang='lat' dir='ltr'>(d</span> <span class='ocrx_word' id='word_1_332' title='bbox 266 4063 350 4128; x_wconf 84' lang='lat' dir='ltr'>corr.)</span> <span class='ocrx_word' id='word_1_333' title='bbox 460 4063 493 4116; x_wconf 84' lang='grc'>16</span> <span class='ocrx_word' id='word_1_334' title='bbox 511 4063 582 4113; x_wconf 81' lang='lat' dir='ltr'>ullius</span> <span class='ocrx_word' id='word_1_335' title='bbox 602 4059 681 4116; x_wconf 80' lang='lat' dir='ltr'>dett:</span> <span class='ocrx_word' id='word_1_336' title='bbox 702 4063 766 4112; x_wconf 89' lang='lat' dir='ltr'>illius</span> <span class='ocrx_word' id='word_1_337' title='bbox 877 4061 910 4115; x_wconf 81' lang='lat'>17</span> <span class='ocrx_word' id='word_1_338' title='bbox 930 4064 981 4129; x_wconf 82' lang='lat' dir='ltr'>adq</span> <span class='ocrx_word' id='word_1_339' title='bbox 1000 4061 1028 4131; x_wconf 90' lang='lat' dir='ltr'>(d</span> <span class='ocrx_word' id='word_1_340' title='bbox 1047 4078 1121 4122; x_wconf 82' lang='lat' dir='ltr'>corr.</span> <span class='ocrx_word' id='word_1_341' title='bbox 1140 4063 1167 4118; x_wconf 82' lang='lat' dir='ltr'>in</span> <span class='ocrx_word' id='word_1_342' title='bbox 1187 4065 1206 4132; x_wconf 88' lang='lat' dir='ltr'>t)</span> 
     </span>
    </p>
   </div>
   <div class='ocr_carea' id='block_1_4' title="bbox 94 4152 1311 4326">
    <p class='ocr_par' dir='ltr' id='par_1_5' title="bbox 94 4152 1311 4326">
     <span class='ocr_line' id='line_1_36' title="bbox 97 4152 1310 4251; baseline 0.007 -36"><span class='ocrx_word' id='word_1_343' title='bbox 97 4163 123 4216; x_wconf 78' lang='lat'>19</span> <span class='ocrx_word' id='word_1_344' title='bbox 141 4152 235 4251; x_wconf 64' lang='lat' dir='ltr'>pptu&#39;os</span> <span class='ocrx_word' id='word_1_345' title='bbox 255 4166 290 4221; x_wconf 76' lang='lat' dir='ltr'>de</span> <span class='ocrx_word' id='word_1_346' title='bbox 308 4183 363 4238; x_wconf 82' lang='lat' dir='ltr'>qua</span> <span class='ocrx_word' id='word_1_347' title='bbox 379 4165 473 4236; x_wconf 75' lang='lat' dir='ltr'>forma</span> <span class='ocrx_word' id='word_1_348' title='bbox 493 4166 529 4237; x_wconf 82' lang='lat' dir='ltr'>cs.</span> <span class='ocrx_word' id='word_1_349' title='bbox 544 4165 689 4222; x_wconf 65' lang='lat' dir='ltr'>atrectatu</span> <span class='ocrx_word' id='word_1_350' title='bbox 718 4165 854 4225; x_wconf 80' lang='lat' dir='ltr'>Actasec.</span> <span class='ocrx_word' id='word_1_351' title='bbox 869 4166 944 4238; x_wconf 75' lang='lat' dir='ltr'>lips</span> <span class='ocrx_word' id='word_1_352' title='bbox 959 4167 995 4224; x_wconf 92' lang='lat' dir='ltr'>II</span> <span class='ocrx_word' id='word_1_353' title='bbox 1005 4185 1035 4240; x_wconf 80' lang='lat' dir='ltr'>p.</span> <span class='ocrx_word' id='word_1_354' title='bbox 1050 4173 1101 4224; x_wconf 83' lang='grc'>468</span> <span class='ocrx_word' id='word_1_355' title='bbox 1115 4184 1138 4225; x_wconf 78' lang='lat' dir='ltr'>s.</span> <span class='ocrx_word' id='word_1_356' title='bbox 1212 4169 1247 4224; x_wconf 85' lang='lat'>20</span> <span class='ocrx_word' id='word_1_357' title='bbox 1266 4173 1310 4224; x_wconf 78' lang='lat' dir='ltr'>ad·</span> 
     </span>
     <span class='ocr_line' id='line_1_37' title="bbox 94 4251 1311 4326; baseline 0.009 -24"><span class='ocrx_word' id='word_1_358' title='bbox 94 4251 175 4304; x_wconf 86' lang='lat' dir='ltr'>ferrum</span> <span class='ocrx_word' id='word_1_359' title='bbox 228 4253 304 4325; x_wconf 72' lang='lat' dir='ltr'>Cous.</span> <span class='ocrx_word' id='word_1_360' title='bbox 327 4253 378 4311; x_wconf 77' lang='lat' dir='ltr'>Cic.</span> <span class='ocrx_word' id='word_1_361' title='bbox 397 4271 458 4326; x_wconf 80' lang='lat' dir='ltr'>epp.</span> <span class='ocrx_word' id='word_1_362' title='bbox 476 4255 515 4309; x_wconf 88' lang='lat' dir='ltr'>ad</span> <span class='ocrx_word' id='word_1_363' title='bbox 526 4257 580 4310; x_wconf 78' lang='lat' dir='ltr'>Au.</span> <span class='ocrx_word' id='word_1_364' title='bbox 601 4259 625 4320; x_wconf 81' lang='lat'>2,</span> <span class='ocrx_word' id='word_1_365' title='bbox 640 4258 682 4324; x_wconf 84' lang='lat'>21,</span> <span class='ocrx_word' id='word_1_366' title='bbox 702 4261 717 4310; x_wconf 78' lang='lat' dir='ltr'>l</span> <span class='ocrx_word' id='word_1_367' title='bbox 737 4264 788 4308; x_wconf 84' lang='lat' dir='ltr'>tam</span> <span class='ocrx_word' id='word_1_368' title='bbox 808 4257 939 4308; x_wconf 88' lang='lat' dir='ltr'>uehemens</span> <span class='ocrx_word' id='word_1_369' title='bbox 958 4260 995 4309; x_wconf 86' lang='lat' dir='ltr'>uir</span> <span class='ocrx_word' id='word_1_370' title='bbox 1013 4265 1114 4326; x_wconf 85' lang='lat' dir='ltr'>tamque</span> <span class='ocrx_word' id='word_1_371' title='bbox 1132 4276 1188 4310; x_wconf 83' lang='lat' dir='ltr'>acer</span> <span class='ocrx_word' id='word_1_372' title='bbox 1208 4261 1311 4314; x_wconf 88' lang='lat' dir='ltr'>inferro</span> 
     </span>
    </p>
   </div>
   <div class='ocr_carea' id='block_1_5' title="bbox 93 4347 1311 4538">
    <p class='ocr_par' dir='ltr' id='par_1_6' title="bbox 93 4347 1311 4538">
     <span class='ocr_line' id='line_1_38' title="bbox 159 4347 1311 4448; baseline 0.01 -35"><span class='ocrx_word' id='word_1_373' title='bbox 159 4359 188 4414; x_wconf 88' lang='lat'>21</span> <span class='ocrx_word' id='word_1_374' title='bbox 207 4347 256 4446; x_wconf 65' lang='lat' dir='ltr'>adq</span> <span class='ocrx_word' id='word_1_375' title='bbox 275 4364 421 4433; x_wconf 70' lang='lat' dir='ltr'>(superior.</span> <span class='ocrx_word' id='word_1_376' title='bbox 439 4365 459 4430; x_wconf 90' lang='lat' dir='ltr'>t)</span> <span class='ocrx_word' id='word_1_377' title='bbox 537 4361 570 4416; x_wconf 80' lang='lat'>23</span> <span class='ocrx_word' id='word_1_378' title='bbox 590 4364 670 4426; x_wconf 72' lang='lat' dir='ltr'>inpliu</span> <span class='ocrx_word' id='word_1_379' title='bbox 749 4362 783 4415; x_wconf 73' lang='lat'>24</span> <span class='ocrx_word' id='word_1_380' title='bbox 803 4364 860 4429; x_wconf 67' lang='lat' dir='ltr'>feda</span> <span class='ocrx_word' id='word_1_381' title='bbox 933 4365 967 4418; x_wconf 80' lang='lat' dir='ltr'>2ss</span> <span class='ocrx_word' id='word_1_382' title='bbox 987 4349 1102 4448; x_wconf 72' lang='lat' dir='ltr'>adleuant</span> <span class='ocrx_word' id='word_1_383' title='bbox 1122 4367 1141 4434; x_wconf 88' lang='lat' dir='ltr'>(l</span> <span class='ocrx_word' id='word_1_384' title='bbox 1160 4369 1311 4438; x_wconf 68' lang='lat' dir='ltr'>superior.)</span> 
     </span>
     <span class='ocr_line' id='line_1_39' title="bbox 93 4467 504 4538; baseline 0.002 -19"><span class='ocrx_word' id='word_1_385' title='bbox 93 4525 97 4538; x_wconf 37' lang='grc' dir='ltr'>ι</span> <span class='ocrx_word' id='word_1_386' title='bbox 147 4487 150 4494; x_wconf 77' lang='grc'><strong><em>’</em></strong></span> <span class='ocrx_word' id='word_1_387' title='bbox 192 4467 223 4522; x_wconf 86' lang='grc'>29</span> <span class='ocrx_word' id='word_1_388' title='bbox 242 4470 293 4534; x_wconf 82' lang='lat' dir='ltr'>adq</span> <span class='ocrx_word' id='word_1_389' title='bbox 399 4469 433 4523; x_wconf 88' lang='grc'>30</span> <span class='ocrx_word' id='word_1_390' title='bbox 452 4471 504 4536; x_wconf 86' lang='lat' dir='ltr'>egri</span> 
     </span>
    </p>
   </div>
   <div class='ocr_carea' id='block_1_6' title="bbox 0 0 1612 5326">
    <p class='ocr_par' dir='ltr' id='par_1_7' title="bbox 0 0 1612 5326">
     <span class='ocr_line' id='line_1_40' title="bbox 0 0 1612 5326; baseline 0 0"><span class='ocrx_word' id='word_1_391' title='bbox 0 0 1612 5326; x_wconf 95' lang='lat' dir='ltr'> </span> 
     </span>
    </p>
   </div>
  </div>
 </body>
</html>
