<?xml version="1.0" encoding="UTF-8"?>
<!DOCTYPE html PUBLIC "-//W3C//DTD XHTML 1.0 Transitional//EN"
    "http://www.w3.org/TR/xhtml1/DTD/xhtml1-transitional.dtd">
<html xmlns="http://www.w3.org/1999/xhtml" xml:lang="en" lang="en">
 <head>
  <title>
</title>
<meta http-equiv="Content-Type" content="text/html;charset=utf-8" />
  <meta name='ocr-system' content='tesseract 3.04.00' />
  <meta name='ocr-capabilities' content='ocr_page ocr_carea ocr_par ocr_line ocrx_word'/>
</head>
<body>
  <div class='ocr_page' id='page_1' title='image "./lannaeisenecaed01vahlgoog_0213.png"; bbox 0 0 3184 5318; ppageno 0'>
   <div class='ocr_carea' id='block_1_1' title="bbox 270 317 1285 390">
    <p class='ocr_par' dir='ltr' id='par_1_1' title="bbox 270 317 1285 390">
     <span class='ocr_line' id='line_1_1' title="bbox 270 317 1285 390; baseline 0.006 -32"><span class='ocrx_word' id='word_1_1' title='bbox 270 353 272 358; x_wconf 87' lang='lat'><em>.</em></span> <span class='ocrx_word' id='word_1_2' title='bbox 293 328 352 390; x_wconf 69' lang='lat'><strong>¹72</strong></span> <span class='ocrx_word' id='word_1_3' title='bbox 510 323 590 366; x_wconf 72' lang='lat' dir='ltr'><strong>DIAL.</strong></span> <span class='ocrx_word' id='word_1_4' title='bbox 602 324 651 366; x_wconf 89' lang='lat' dir='ltr'><strong>vll.</strong></span> <span class='ocrx_word' id='word_1_5' title='bbox 680 322 721 364; x_wconf 77' lang='lat' dir='ltr'><strong>Ab</strong></span> <span class='ocrx_word' id='word_1_6' title='bbox 736 317 912 364; x_wconf 75' lang='lat' dir='ltr'>GALLIONEM</span> <span class='ocrx_word' id='word_1_7' title='bbox 929 323 1174 365; x_wconf 69' lang='lat' dir='ltr'><strong>devitantem.</strong></span> <span class='ocrx_word' id='word_1_8' title='bbox 1205 325 1236 368; x_wconf 80' lang='lat' dir='ltr'><strong>ta.</strong></span> <span class='ocrx_word' id='word_1_9' title='bbox 1251 325 1285 366; x_wconf 83' lang='grc'><strong>20.</strong></span> 
     </span>
    </p>
   </div>
   <div class='ocr_carea' id='block_1_2' title="bbox 214 467 1589 3335">
    <p class='ocr_par' dir='ltr' id='par_1_2' title="bbox 214 467 1589 3335">
     <span class='ocr_line' id='line_1_2' title="bbox 287 467 1499 551; baseline -0.002 -17"><span class='ocrx_word' id='word_1_10' title='bbox 287 474 351 534; x_wconf 92' lang='lat' dir='ltr'><strong>curi</strong></span> <span class='ocrx_word' id='word_1_11' title='bbox 381 470 507 545; x_wconf 88' lang='lat' dir='ltr'><strong>fecisse,</strong></span> <span class='ocrx_word' id='word_1_12' title='bbox 537 471 625 551; x_wconf 91' lang='lat' dir='ltr'><strong>quod</strong></span> <span class='ocrx_word' id='word_1_13' title='bbox 655 468 714 532; x_wconf 86' lang='lat' dir='ltr'>sibi</span> <span class='ocrx_word' id='word_1_14' title='bbox 745 467 851 550; x_wconf 84' lang='lat' dir='ltr'><strong>gulam</strong></span> <span class='ocrx_word' id='word_1_15' title='bbox 881 472 1058 550; x_wconf 89' lang='lat' dir='ltr'><strong>praesecuit</strong></span> <span class='ocrx_word' id='word_1_16' title='bbox 1112 468 1162 532; x_wconf 88' lang='lat' dir='ltr'><strong>alii</strong></span> <span class='ocrx_word' id='word_1_17' title='bbox 1193 468 1388 532; x_wconf 89' lang='lat' dir='ltr'><strong>dementiam</strong></span> <span class='ocrx_word' id='word_1_18' title='bbox 1415 470 1499 532; x_wconf 88' lang='lat' dir='ltr'><strong>uideri</strong></span> 
     </span>
     <span class='ocr_line' id='line_1_3' title="bbox 287 575 1501 652; baseline -0.001 -12"><span class='ocrx_word' id='word_1_19' title='bbox 287 578 396 642; x_wconf 91' lang='lat' dir='ltr'><strong>uolunt</strong></span> <span class='ocrx_word' id='word_1_20' title='bbox 426 577 545 641; x_wconf 82' lang='lat' dir='ltr'><strong>iactum</strong></span> <span class='ocrx_word' id='word_1_21' title='bbox 576 578 639 642; x_wconf 91' lang='lat' dir='ltr'><strong>hoc</strong></span> <span class='ocrx_word' id='word_1_22' title='bbox 669 581 751 652; x_wconf 90' lang='lat' dir='ltr'><strong>eius,</strong></span> <span class='ocrx_word' id='word_1_23' title='bbox 783 577 833 640; x_wconf 90' lang='lat' dir='ltr'><strong>alii</strong></span> <span class='ocrx_word' id='word_1_24' title='bbox 855 580 1084 640; x_wconf 85' lang='lat' dir='ltr'><strong>temeritatem:</strong></span> <span class='ocrx_word' id='word_1_25' title='bbox 1118 575 1168 640; x_wconf 89' lang='lat' dir='ltr'><strong>ille</strong></span> <span class='ocrx_word' id='word_1_26' title='bbox 1191 579 1316 640; x_wconf 87' lang='lat' dir='ltr'><strong>interim</strong></span> <span class='ocrx_word' id='word_1_27' title='bbox 1340 577 1453 640; x_wconf 90' lang='lat' dir='ltr'><strong>beatus</strong></span> <span class='ocrx_word' id='word_1_28' title='bbox 1472 597 1501 640; x_wconf 89' lang='lat' dir='ltr'><strong>ac</strong></span> 
     </span>
     <span class='ocr_line' id='line_1_4' title="bbox 286 683 1502 768; baseline -0.002 -19"><span class='ocrx_word' id='word_1_29' title='bbox 286 686 398 768; x_wconf 90' lang='lat' dir='ltr'><strong>plenus</strong></span> <span class='ocrx_word' id='word_1_30' title='bbox 429 686 516 749; x_wconf 91' lang='lat' dir='ltr'><strong>bona</strong></span> <span class='ocrx_word' id='word_1_31' title='bbox 546 688 740 748; x_wconf 90' lang='lat' dir='ltr'><strong>conscientia</strong></span> <span class='ocrx_word' id='word_1_32' title='bbox 769 683 907 748; x_wconf 89' lang='lat' dir='ltr'><strong>reddidit</strong></span> <span class='ocrx_word' id='word_1_33' title='bbox 936 685 996 747; x_wconf 91' lang='lat' dir='ltr'><strong>sibi</strong></span> <span class='ocrx_word' id='word_1_34' title='bbox 1024 687 1241 748; x_wconf 92' lang='lat' dir='ltr'><strong>testimonium</strong></span> <span class='ocrx_word' id='word_1_35' title='bbox 1265 687 1331 747; x_wconf 91' lang='lat' dir='ltr'><strong>uita</strong></span> <span class='ocrx_word' id='word_1_36' title='bbox 1353 685 1502 746; x_wconf 89' lang='lat' dir='ltr'><strong>excedens</strong></span> 
     </span>
     <span class='ocr_line' id='line_1_5' title="bbox 286 792 1502 874; baseline -0.003 -18"><span class='ocrx_word' id='word_1_37' title='bbox 286 793 489 874; x_wconf 89' lang='lat' dir='ltr'><strong>laudauitque</strong></span> <span class='ocrx_word' id='word_1_38' title='bbox 512 795 625 855; x_wconf 89' lang='lat' dir='ltr'><strong>aetatis</strong></span> <span class='ocrx_word' id='word_1_39' title='bbox 649 794 681 854; x_wconf 93' lang='lat' dir='ltr'><strong>in</strong></span> <span class='ocrx_word' id='word_1_40' title='bbox 704 802 799 873; x_wconf 89' lang='lat' dir='ltr'><strong>portu</strong></span> <span class='ocrx_word' id='word_1_41' title='bbox 823 800 856 854; x_wconf 91' lang='lat' dir='ltr'><strong>et</strong></span> <span class='ocrx_word' id='word_1_42' title='bbox 879 792 921 854; x_wconf 93' lang='lat' dir='ltr'><strong>ad</strong></span> <span class='ocrx_word' id='word_1_43' title='bbox 945 811 1099 854; x_wconf 87' lang='lat' dir='ltr'><strong>ancoram</strong></span> <span class='ocrx_word' id='word_1_44' title='bbox 1110 800 1201 853; x_wconf 86' lang='lat' dir='ltr'><strong>actae</strong></span> <span class='ocrx_word' id='word_1_45' title='bbox 1217 794 1357 871; x_wconf 89' lang='lat' dir='ltr'><strong>quietem</strong></span> <span class='ocrx_word' id='word_1_46' title='bbox 1373 800 1408 853; x_wconf 90' lang='lat' dir='ltr'><strong>et</strong></span> <span class='ocrx_word' id='word_1_47' title='bbox 1423 792 1502 863; x_wconf 87' lang='lat' dir='ltr'><strong>dixit,</strong></span> 
     </span>
     <span class='ocr_line' id='line_1_6' title="bbox 261 895 1386 983; baseline -0.003 -20"><span class='ocrx_word' id='word_1_48' title='bbox 261 900 375 983; x_wconf 77' lang='lat' dir='ltr'><strong>squod</strong></span> <span class='ocrx_word' id='word_1_49' title='bbox 398 905 457 962; x_wconf 89' lang='lat' dir='ltr'><strong>uos&#39;</strong></span> <span class='ocrx_word' id='word_1_50' title='bbox 479 902 567 962; x_wconf 92' lang='lat' dir='ltr'><strong>inuiti</strong></span> <span class='ocrx_word' id='word_1_51' title='bbox 590 899 729 972; x_wconf 90' lang='lat' dir='ltr'><strong>audistis,</strong></span> <span class='ocrx_word' id='word_1_52' title='bbox 753 901 841 980; x_wconf 83' lang='lat' dir='ltr'><strong>quasi</strong></span> <span class='ocrx_word' id='word_1_53' title='bbox 865 897 956 960; x_wconf 91' lang='lat' dir='ltr'><strong>uobis</strong></span> <span class='ocrx_word' id='word_1_54' title='bbox 979 917 1106 980; x_wconf 91' lang='lat' dir='ltr'><strong>quoque</strong></span> <span class='ocrx_word' id='word_1_55' title='bbox 1129 895 1306 960; x_wconf 84' lang='lat' dir='ltr'><strong>iaciendum</strong></span> <span class='ocrx_word' id='word_1_56' title='bbox 1329 901 1386 960; x_wconf 93' lang='lat' dir='ltr'><strong>sit:</strong></span> 
     </span>
     <span class='ocr_line' id='line_1_7' title="bbox 462 1009 1277 1084; baseline 0.004 -18"><span class='ocrx_word' id='word_1_57' title='bbox 462 1013 465 1018; x_wconf 82' lang='lat'>&#39;</span> <span class='ocrx_word' id='word_1_58' title='bbox 521 1010 589 1068; x_wconf 84' lang='lat' dir='ltr'><strong>Vixi</strong></span> <span class='ocrx_word' id='word_1_59' title='bbox 609 1017 636 1066; x_wconf 86' lang='lat' dir='ltr'><strong>et</strong></span> <span class='ocrx_word' id='word_1_60' title='bbox 656 1027 737 1084; x_wconf 84' lang='lat' dir='ltr'><strong>quem</strong></span> <span class='ocrx_word' id='word_1_61' title='bbox 760 1009 878 1066; x_wconf 79' lang='lat' dir='ltr'><strong>dederat</strong></span> <span class='ocrx_word' id='word_1_62' title='bbox 899 1027 1010 1066; x_wconf 80' lang='lat' dir='ltr'><strong>cursum</strong></span> <span class='ocrx_word' id='word_1_63' title='bbox 1025 1010 1154 1084; x_wconf 81' lang='lat' dir='ltr'><strong>fortreaa</strong></span> <span class='ocrx_word' id='word_1_64' title='bbox 1171 1009 1277 1083; x_wconf 76' lang='lat' dir='ltr'><strong>peregi.</strong></span> 
     </span>
     <span class='ocr_line' id='line_1_8' title="bbox 287 1111 1529 1195; baseline -0.004 -19"><span class='ocrx_word' id='word_1_65' title='bbox 287 1115 328 1176; x_wconf 94' lang='lat' dir='ltr'><strong>de</strong></span> <span class='ocrx_word' id='word_1_66' title='bbox 361 1113 486 1178; x_wconf 89' lang='lat' dir='ltr'><strong>alterius</strong></span> <span class='ocrx_word' id='word_1_67' title='bbox 517 1117 597 1186; x_wconf 89' lang='lat' dir='ltr'><strong>uita,</strong></span> <span class='ocrx_word' id='word_1_68' title='bbox 629 1115 669 1176; x_wconf 95' lang='lat' dir='ltr'><strong>de</strong></span> <span class='ocrx_word' id='word_1_69' title='bbox 700 1112 827 1176; x_wconf 85' lang='lat' dir='ltr'><strong>alterius</strong></span> <span class='ocrx_word' id='word_1_70' title='bbox 858 1122 963 1176; x_wconf 87' lang='lat' dir='ltr'><strong>morte</strong></span> <span class='ocrx_word' id='word_1_71' title='bbox 995 1113 1161 1195; x_wconf 91' lang='lat' dir='ltr'><strong>disputatis</strong></span> <span class='ocrx_word' id='word_1_72' title='bbox 1185 1121 1217 1174; x_wconf 91' lang='lat' dir='ltr'><strong>et</strong></span> <span class='ocrx_word' id='word_1_73' title='bbox 1241 1111 1282 1174; x_wconf 87' lang='lat' dir='ltr'><strong>ad</strong></span> <span class='ocrx_word' id='word_1_74' title='bbox 1306 1131 1424 1174; x_wconf 91' lang='lat' dir='ltr'><strong>nomen</strong></span> <span class='ocrx_word' id='word_1_75' title='bbox 1449 1121 1529 1174; x_wconf 77' lang='lat' dir='ltr'><strong>mal</strong></span> 
     </span>
     <span class='ocr_line' id='line_1_9' title="bbox 287 1215 1504 1302; baseline -0.003 -19"><span class='ocrx_word' id='word_1_76' title='bbox 287 1241 422 1301; x_wconf 88' lang='lat' dir='ltr'><strong>gnorum</strong></span> <span class='ocrx_word' id='word_1_77' title='bbox 446 1215 490 1281; x_wconf 94' lang='lat' dir='ltr'><strong>ob</strong></span> <span class='ocrx_word' id='word_1_78' title='bbox 513 1222 651 1302; x_wconf 82' lang='lat' dir='ltr'><strong>aliquam</strong></span> <span class='ocrx_word' id='word_1_79' title='bbox 675 1222 825 1282; x_wconf 88' lang='lat' dir='ltr'><strong>eximiam</strong></span> <span class='ocrx_word' id='word_1_80' title='bbox 850 1219 976 1282; x_wconf 88' lang='lat' dir='ltr'><strong>laudem</strong></span> <span class='ocrx_word' id='word_1_81' title='bbox 1000 1222 1156 1292; x_wconf 91' lang='lat' dir='ltr'><strong>uirorum,</strong></span> <span class='ocrx_word' id='word_1_82' title='bbox 1180 1221 1261 1281; x_wconf 86' lang='lat' dir='ltr'><strong>sicut</strong></span> <span class='ocrx_word' id='word_1_83' title='bbox 1285 1219 1326 1280; x_wconf 91' lang='lat' dir='ltr'><strong>ad</strong></span> <span class='ocrx_word' id='word_1_84' title='bbox 1350 1239 1504 1280; x_wconf 90' lang='lat' dir='ltr'><strong>occursum</strong></span> 
     </span>
     <span class='ocr_line' id='line_1_10' title="bbox 287 1325 1505 1409; baseline -0.003 -19"><span class='ocrx_word' id='word_1_85' title='bbox 287 1331 467 1409; x_wconf 86' lang='lat' dir='ltr'><strong>ignotorum</strong></span> <span class='ocrx_word' id='word_1_86' title='bbox 498 1325 663 1390; x_wconf 92' lang='lat' dir='ltr'><strong>hominum</strong></span> <span class='ocrx_word' id='word_1_87' title='bbox 695 1329 805 1390; x_wconf 90' lang='lat' dir='ltr'><strong>minuti</strong></span> <span class='ocrx_word' id='word_1_88' title='bbox 836 1347 946 1401; x_wconf 88' lang='lat' dir='ltr'><strong>canes,</strong></span> <span class='ocrx_word' id='word_1_89' title='bbox 976 1326 1105 1390; x_wconf 88' lang='lat' dir='ltr'><strong>latratis.</strong></span> <span class='ocrx_word' id='word_1_90' title='bbox 1152 1327 1285 1407; x_wconf 88' lang='lat' dir='ltr'><strong>expedit</strong></span> <span class='ocrx_word' id='word_1_91' title='bbox 1316 1329 1401 1388; x_wconf 93' lang='lat' dir='ltr'><strong>enim</strong></span> <span class='ocrx_word' id='word_1_92' title='bbox 1425 1325 1505 1386; x_wconf 92' lang='lat' dir='ltr'><strong>uobis</strong></span> 
     </span>
     <span class='ocr_line' id='line_1_11' title="bbox 250 1432 1589 1514; baseline -0.001 -20"><span class='ocrx_word' id='word_1_93' title='bbox 250 1456 272 1495; x_wconf 83' lang='grc' dir='ltr'><strong>ιο</strong></span> <span class='ocrx_word' id='word_1_94' title='bbox 286 1437 445 1497; x_wconf 89' lang='lat' dir='ltr'><strong>neminem</strong></span> <span class='ocrx_word' id='word_1_95' title='bbox 470 1436 568 1498; x_wconf 87' lang='lat' dir='ltr'><strong>uideri</strong></span> <span class='ocrx_word' id='word_1_96' title='bbox 591 1433 720 1508; x_wconf 90' lang='lat' dir='ltr'><strong>bonum,</strong></span> <span class='ocrx_word' id='word_1_97' title='bbox 744 1436 832 1514; x_wconf 90' lang='lat' dir='ltr'><strong>quasi</strong></span> <span class='ocrx_word' id='word_1_98' title='bbox 855 1434 957 1496; x_wconf 88' lang='lat' dir='ltr'><strong>aliena</strong></span> <span class='ocrx_word' id='word_1_99' title='bbox 980 1436 1079 1496; x_wconf 90' lang='lat' dir='ltr'><strong>uirtus</strong></span> <span class='ocrx_word' id='word_1_100' title='bbox 1103 1433 1310 1513; x_wconf 86' lang='lat' dir='ltr'><strong>exprobratio</strong></span> <span class='ocrx_word' id='word_1_101' title='bbox 1326 1432 1504 1496; x_wconf 87' lang='lat' dir='ltr'><strong>delictorum</strong></span> <span class='ocrx_word' id='word_1_102' title='bbox 1588 1469 1589 1474; x_wconf 22' lang='grc' dir='ltr'><strong><em>κ</em></strong></span> 
     </span>
     <span class='ocr_line' id='line_1_12' title="bbox 287 1539 1505 1621; baseline -0.004 -16"><span class='ocrx_word' id='word_1_103' title='bbox 287 1545 429 1605; x_wconf 91' lang='lat' dir='ltr'><strong>omnium</strong></span> <span class='ocrx_word' id='word_1_104' title='bbox 460 1545 511 1605; x_wconf 92' lang='lat' dir='ltr'><strong>sit.</strong></span> <span class='ocrx_word' id='word_1_105' title='bbox 557 1543 654 1605; x_wconf 90' lang='lat' dir='ltr'><strong>inuidi</strong></span> <span class='ocrx_word' id='word_1_106' title='bbox 685 1539 850 1621; x_wconf 92' lang='lat' dir='ltr'><strong>splendida</strong></span> <span class='ocrx_word' id='word_1_107' title='bbox 880 1562 952 1605; x_wconf 93' lang='lat' dir='ltr'><strong>cum</strong></span> <span class='ocrx_word' id='word_1_108' title='bbox 975 1541 1123 1602; x_wconf 89' lang='lat' dir='ltr'><strong>sordibus</strong></span> <span class='ocrx_word' id='word_1_109' title='bbox 1147 1543 1260 1604; x_wconf 91' lang='lat' dir='ltr'><strong>uestris</strong></span> <span class='ocrx_word' id='word_1_110' title='bbox 1283 1539 1434 1602; x_wconf 87' lang='lat' dir='ltr'><strong>confertis</strong></span> <span class='ocrx_word' id='word_1_111' title='bbox 1456 1560 1505 1600; x_wconf 92' lang='lat' dir='ltr'><strong>nec</strong></span> 
     </span>
     <span class='ocr_line' id='line_1_13' title="bbox 286 1645 1589 1730; baseline -0.005 -18"><span class='ocrx_word' id='word_1_112' title='bbox 286 1649 476 1730; x_wconf 86' lang='lat' dir='ltr'><strong>intellegitis,</strong></span> <span class='ocrx_word' id='word_1_113' title='bbox 499 1659 620 1730; x_wconf 86' lang='lat' dir='ltr'><strong>quanto</strong></span> <span class='ocrx_word' id='word_1_114' title='bbox 643 1649 676 1712; x_wconf 94' lang='lat' dir='ltr'><strong>id</strong></span> <span class='ocrx_word' id='word_1_115' title='bbox 699 1657 806 1710; x_wconf 89' lang='lat' dir='ltr'><strong>uestro</strong></span> <span class='ocrx_word' id='word_1_116' title='bbox 830 1648 1024 1712; x_wconf 89' lang='lat' dir='ltr'><strong>detrimento</strong></span> <span class='ocrx_word' id='word_1_117' title='bbox 1049 1648 1199 1710; x_wconf 90' lang='lat' dir='ltr'><strong>audeatis.</strong></span> <span class='ocrx_word' id='word_1_118' title='bbox 1243 1649 1366 1708; x_wconf 92' lang='lat' dir='ltr'><strong>namsi</strong></span> <span class='ocrx_word' id='word_1_119' title='bbox 1390 1645 1440 1720; x_wconf 92' lang='lat' dir='ltr'><strong>illi,</strong></span> <span class='ocrx_word' id='word_1_120' title='bbox 1462 1647 1505 1727; x_wconf 92' lang='lat' dir='ltr'><strong>qui</strong></span> <span class='ocrx_word' id='word_1_121' title='bbox 1588 1683 1589 1722; x_wconf 73' lang='lat'>3</span> 
     </span>
     <span class='ocr_line' id='line_1_14' title="bbox 238 1753 1505 1835; baseline -0.004 -17"><span class='ocrx_word' id='word_1_122' title='bbox 238 1823 242 1832; x_wconf 61' lang='grc'><em>,</em></span> <span class='ocrx_word' id='word_1_123' title='bbox 287 1759 436 1818; x_wconf 91' lang='lat' dir='ltr'><strong>uirtutem</strong></span> <span class='ocrx_word' id='word_1_124' title='bbox 459 1764 647 1835; x_wconf 90' lang='lat' dir='ltr'><strong>sequuntur,</strong></span> <span class='ocrx_word' id='word_1_125' title='bbox 679 1758 781 1829; x_wconf 88' lang='lat' dir='ltr'><strong>auari,</strong></span> <span class='ocrx_word' id='word_1_126' title='bbox 804 1753 970 1828; x_wconf 87' lang='lat' dir='ltr'><strong>libidinosi,</strong></span> <span class='ocrx_word' id='word_1_127' title='bbox 994 1755 1216 1834; x_wconf 83' lang='lat' dir='ltr'><strong>ambitiosique</strong></span> <span class='ocrx_word' id='word_1_128' title='bbox 1240 1763 1328 1828; x_wconf 87' lang='lat' dir='ltr'><strong>sunt,</strong></span> <span class='ocrx_word' id='word_1_129' title='bbox 1359 1754 1435 1835; x_wconf 94' lang='lat' dir='ltr'><strong>quid</strong></span> <span class='ocrx_word' id='word_1_130' title='bbox 1457 1773 1505 1814; x_wconf 90' lang='lat' dir='ltr'><strong>uos</strong></span> 
     </span>
     <span class='ocr_line' id='line_1_15' title="bbox 288 1861 1530 1944; baseline -0.006 -20"><span class='ocrx_word' id='word_1_131' title='bbox 288 1866 378 1937; x_wconf 69' lang='lat' dir='ltr'><strong>estu,</strong></span> <span class='ocrx_word' id='word_1_132' title='bbox 409 1862 522 1944; x_wconf 90' lang='lat' dir='ltr'><strong>quibus</strong></span> <span class='ocrx_word' id='word_1_133' title='bbox 551 1865 655 1943; x_wconf 90' lang='lat' dir='ltr'><strong>ipsum</strong></span> <span class='ocrx_word' id='word_1_134' title='bbox 687 1882 804 1924; x_wconf 91' lang='lat' dir='ltr'><strong>nomen</strong></span> <span class='ocrx_word' id='word_1_135' title='bbox 828 1863 952 1925; x_wconf 89' lang='lat' dir='ltr'><strong>uirtutis</strong></span> <span class='ocrx_word' id='word_1_136' title='bbox 975 1861 1051 1922; x_wconf 93' lang='lat' dir='ltr'><strong>odio</strong></span> <span class='ocrx_word' id='word_1_137' title='bbox 1075 1864 1144 1922; x_wconf 84' lang='lat' dir='ltr'><strong>est?</strong></span> <span class='ocrx_word' id='word_1_138' title='bbox 1176 1863 1299 1940; x_wconf 87' lang='lat' dir='ltr'><strong>negatis</strong></span> <span class='ocrx_word' id='word_1_139' title='bbox 1322 1866 1530 1941; x_wconf 84' lang='lat' dir='ltr'><strong>quemquam3</strong></span> 
     </span>
     <span class='ocr_line' id='line_1_16' title="bbox 251 1966 1589 2051; baseline -0.008 -15"><span class='ocrx_word' id='word_1_140' title='bbox 251 1998 273 2036; x_wconf 78' lang='lat' dir='ltr'><strong>u</strong></span> <span class='ocrx_word' id='word_1_141' title='bbox 287 1979 463 2050; x_wconf 84' lang='lat' dir='ltr'><strong>praestare,</strong></span> <span class='ocrx_word' id='word_1_142' title='bbox 494 1989 576 2050; x_wconf 89' lang='lat' dir='ltr'><strong>quae</strong></span> <span class='ocrx_word' id='word_1_143' title='bbox 598 1968 751 2051; x_wconf 88' lang='lat' dir='ltr'><strong>loquitur,</strong></span> <span class='ocrx_word' id='word_1_144' title='bbox 782 1989 841 2031; x_wconf 93' lang='lat' dir='ltr'><strong>nec</strong></span> <span class='ocrx_word' id='word_1_145' title='bbox 864 1970 905 2030; x_wconf 91' lang='lat' dir='ltr'><strong>ad</strong></span> <span class='ocrx_word' id='word_1_146' title='bbox 929 1966 1094 2047; x_wconf 89' lang='lat' dir='ltr'><strong>exemplar</strong></span> <span class='ocrx_word' id='word_1_147' title='bbox 1117 1969 1269 2030; x_wconf 89' lang='lat' dir='ltr'><strong>orationis</strong></span> <span class='ocrx_word' id='word_1_148' title='bbox 1293 1987 1367 2029; x_wconf 91' lang='lat' dir='ltr'><strong>suae</strong></span> <span class='ocrx_word' id='word_1_149' title='bbox 1391 1969 1501 2030; x_wconf 85' lang='lat' dir='ltr'><strong>uiuere:</strong></span> <span class='ocrx_word' id='word_1_150' title='bbox 1588 2035 1589 2041; x_wconf 7' lang='grc' dir='ltr'>χ</span> 
     </span>
     <span class='ocr_line' id='line_1_17' title="bbox 287 2073 1589 2158; baseline -0.005 -19"><span class='ocrx_word' id='word_1_151' title='bbox 287 2077 362 2158; x_wconf 93' lang='lat' dir='ltr'><strong>quid</strong></span> <span class='ocrx_word' id='word_1_152' title='bbox 401 2079 530 2152; x_wconf 88' lang='lat' dir='ltr'><strong>mirum,</strong></span> <span class='ocrx_word' id='word_1_153' title='bbox 569 2097 642 2138; x_wconf 95' lang='lat' dir='ltr'><strong>cum</strong></span> <span class='ocrx_word' id='word_1_154' title='bbox 678 2075 848 2156; x_wconf 86' lang='lat' dir='ltr'><strong>loquantur</strong></span> <span class='ocrx_word' id='word_1_155' title='bbox 882 2073 992 2149; x_wconf 84' lang='lat' dir='ltr'><strong>fortia,</strong></span> <span class='ocrx_word' id='word_1_156' title='bbox 1031 2076 1188 2154; x_wconf 87' lang='lat' dir='ltr'><strong>ingentia,</strong></span> <span class='ocrx_word' id='word_1_157' title='bbox 1229 2074 1332 2134; x_wconf 90' lang='lat' dir='ltr'><strong>omnis</strong></span> <span class='ocrx_word' id='word_1_158' title='bbox 1361 2073 1505 2134; x_wconf 88' lang='lat' dir='ltr'><strong>humanas</strong></span> <span class='ocrx_word' id='word_1_159' title='bbox 1588 2145 1589 2148; x_wconf 8' lang='grc' dir='ltr'><strong>Ἴ</strong></span> 
     </span>
     <span class='ocr_line' id='line_1_18' title="bbox 287 2180 1504 2265; baseline -0.005 -19"><span class='ocrx_word' id='word_1_160' title='bbox 287 2193 495 2265; x_wconf 86' lang='lat' dir='ltr'><strong>tempestates</strong></span> <span class='ocrx_word' id='word_1_161' title='bbox 518 2183 706 2246; x_wconf 87' lang='lat' dir='ltr'><strong>euadentia?</strong></span> <span class='ocrx_word' id='word_1_162' title='bbox 731 2203 802 2244; x_wconf 93' lang='lat' dir='ltr'><strong>cum</strong></span> <span class='ocrx_word' id='word_1_163' title='bbox 826 2181 959 2261; x_wconf 87' lang='lat' dir='ltr'><strong>refigere</strong></span> <span class='ocrx_word' id='word_1_164' title='bbox 982 2201 1017 2243; x_wconf 90' lang='lat' dir='ltr'><strong>se</strong></span> <span class='ocrx_word' id='word_1_165' title='bbox 1040 2180 1183 2242; x_wconf 88' lang='lat' dir='ltr'><strong>crucibus</strong></span> <span class='ocrx_word' id='word_1_166' title='bbox 1206 2190 1367 2253; x_wconf 90' lang='lat' dir='ltr'><strong>conentur,</strong></span> <span class='ocrx_word' id='word_1_167' title='bbox 1390 2182 1419 2241; x_wconf 95' lang='lat' dir='ltr'><strong>in</strong></span> <span class='ocrx_word' id='word_1_168' title='bbox 1435 2199 1504 2258; x_wconf 88' lang='lat' dir='ltr'><strong>quas</strong></span> 
     </span>
     <span class='ocr_line' id='line_1_19' title="bbox 287 2285 1589 2373; baseline -0.006 -22"><span class='ocrx_word' id='word_1_169' title='bbox 287 2287 501 2373; x_wconf 80' lang='lat' dir='ltr'><strong>unusquisque</strong></span> <span class='ocrx_word' id='word_1_170' title='bbox 524 2300 663 2352; x_wconf 89' lang='lat' dir='ltr'><strong>uestrum</strong></span> <span class='ocrx_word' id='word_1_171' title='bbox 687 2288 796 2352; x_wconf 91' lang='lat' dir='ltr'><strong>clauos</strong></span> <span class='ocrx_word' id='word_1_172' title='bbox 819 2309 894 2350; x_wconf 93' lang='lat' dir='ltr'><strong>suos</strong></span> <span class='ocrx_word' id='word_1_173' title='bbox 917 2292 985 2369; x_wconf 92' lang='lat' dir='ltr'><strong>ipse</strong></span> <span class='ocrx_word' id='word_1_174' title='bbox 1005 2289 1113 2368; x_wconf 85' lang='lat' dir='ltr'><strong>adigit.</strong></span> <span class='ocrx_word' id='word_1_175' title='bbox 1145 2286 1187 2349; x_wconf 92' lang='lat' dir='ltr'><strong>ad</strong></span> <span class='ocrx_word' id='word_1_176' title='bbox 1203 2285 1390 2368; x_wconf 91' lang='lat' dir='ltr'><strong>supplicium</strong></span> <span class='ocrx_word' id='word_1_177' title='bbox 1406 2295 1503 2348; x_wconf 90' lang='lat' dir='ltr'><strong>tamen</strong></span> <span class='ocrx_word' id='word_1_178' title='bbox 1588 2331 1589 2334; x_wconf 63' lang='lat'>,</span> 
     </span>
     <span class='ocr_line' id='line_1_20' title="bbox 214 2391 1589 2478; baseline -0.007 -18"><span class='ocrx_word' id='word_1_179' title='bbox 214 2411 217 2417; x_wconf 87' lang='lat'>&#39;</span> <span class='ocrx_word' id='word_1_180' title='bbox 287 2401 349 2461; x_wconf 89' lang='lat' dir='ltr'><strong>acti</strong></span> <span class='ocrx_word' id='word_1_181' title='bbox 378 2397 539 2478; x_wconf 91' lang='lat' dir='ltr'><strong>stipitibus</strong></span> <span class='ocrx_word' id='word_1_182' title='bbox 568 2394 696 2478; x_wconf 85' lang='lat' dir='ltr'><strong>singulis</strong></span> <span class='ocrx_word' id='word_1_183' title='bbox 727 2398 884 2476; x_wconf 88' lang='lat' dir='ltr'><strong>pendent:</strong></span> <span class='ocrx_word' id='word_1_184' title='bbox 919 2395 967 2469; x_wconf 89' lang='lat' dir='ltr'><strong>hi,</strong></span> <span class='ocrx_word' id='word_1_185' title='bbox 998 2397 1051 2474; x_wconf 91' lang='lat' dir='ltr'><strong>qui</strong></span> <span class='ocrx_word' id='word_1_186' title='bbox 1083 2397 1113 2455; x_wconf 92' lang='lat' dir='ltr'><strong>in</strong></span> <span class='ocrx_word' id='word_1_187' title='bbox 1144 2413 1179 2454; x_wconf 92' lang='lat' dir='ltr'><strong>se</strong></span> <span class='ocrx_word' id='word_1_188' title='bbox 1209 2395 1268 2473; x_wconf 90' lang='lat' dir='ltr'><strong>ipsi</strong></span> <span class='ocrx_word' id='word_1_189' title='bbox 1296 2395 1434 2454; x_wconf 91' lang='lat' dir='ltr'><strong>animum</strong></span> <span class='ocrx_word' id='word_1_190' title='bbox 1457 2391 1503 2452; x_wconf 92' lang='lat' dir='ltr'><strong>ad·</strong></span> <span class='ocrx_word' id='word_1_191' title='bbox 1588 2439 1589 2442; x_wconf 63' lang='lat'>,</span> 
     </span>
     <span class='ocr_line' id='line_1_21' title="bbox 246 2496 1589 2585; baseline -0.008 -18"><span class='ocrx_word' id='word_1_192' title='bbox 246 2514 429 2578; x_wconf 69' lang='lat' dir='ltr'><strong>truentum,</strong></span> <span class='ocrx_word' id='word_1_193' title='bbox 461 2512 540 2584; x_wconf 92' lang='lat' dir='ltr'><strong>quot</strong></span> <span class='ocrx_word' id='word_1_194' title='bbox 571 2503 793 2585; x_wconf 86' lang='lat' dir='ltr'><strong>cupiditatibus</strong></span> <span class='ocrx_word' id='word_1_195' title='bbox 816 2510 865 2565; x_wconf 90' lang='lat' dir='ltr'><strong>tot</strong></span> <span class='ocrx_word' id='word_1_196' title='bbox 888 2503 1030 2564; x_wconf 88' lang='lat' dir='ltr'><strong>crucibus</strong></span> <span class='ocrx_word' id='word_1_197' title='bbox 1054 2500 1284 2574; x_wconf 87' lang='lat' dir='ltr'><strong>distrahuntur,</strong></span> <span class='ocrx_word' id='word_1_198' title='bbox 1316 2508 1348 2562; x_wconf 92' lang='lat' dir='ltr'><strong>at</strong></span> <span class='ocrx_word' id='word_1_199' title='bbox 1372 2496 1505 2560; x_wconf 91' lang='lat' dir='ltr'><strong>maledici</strong></span> <span class='ocrx_word' id='word_1_200' title='bbox 1588 2575 1589 2579; x_wconf 6' lang='grc' dir='ltr'><strong>Ἰ</strong></span> 
     </span>
     <span class='ocr_line' id='line_1_22' title="bbox 288 2603 1589 2684; baseline -0.008 -12"><span class='ocrx_word' id='word_1_201' title='bbox 288 2620 320 2674; x_wconf 91' lang='lat' dir='ltr'><strong>et</strong></span> <span class='ocrx_word' id='word_1_202' title='bbox 358 2610 388 2672; x_wconf 92' lang='lat' dir='ltr'><strong>in</strong></span> <span class='ocrx_word' id='word_1_203' title='bbox 427 2610 559 2674; x_wconf 89' lang='lat' dir='ltr'><strong>alienam</strong></span> <span class='ocrx_word' id='word_1_204' title='bbox 598 2609 823 2673; x_wconf 87' lang='lat' dir='ltr'><strong>contumeliam</strong></span> <span class='ocrx_word' id='word_1_205' title='bbox 862 2609 985 2672; x_wconf 91' lang='lat' dir='ltr'><strong>uenusti</strong></span> <span class='ocrx_word' id='word_1_206' title='bbox 1022 2617 1102 2670; x_wconf 65' lang='lat' dir='ltr'><strong>sunt,</strong></span> <span class='ocrx_word' id='word_1_207' title='bbox 1156 2609 1320 2669; x_wconf 89' lang='lat' dir='ltr'><strong>crederem</strong></span> <span class='ocrx_word' id='word_1_208' title='bbox 1358 2605 1414 2668; x_wconf 90' lang='lat' dir='ltr'><strong>illis</strong></span> <span class='ocrx_word' id='word_1_209' title='bbox 1450 2603 1504 2664; x_wconf 87' lang='lat' dir='ltr'><strong>hoc</strong></span> <span class='ocrx_word' id='word_1_210' title='bbox 1588 2653 1589 2684; x_wconf 61' lang='lat'>3</span> 
     </span>
     <span class='ocr_line' id='line_1_23' title="bbox 288 2716 1412 2800; baseline -0.005 -20"><span class='ocrx_word' id='word_1_211' title='bbox 288 2739 408 2793; x_wconf 88' lang='lat' dir='ltr'><strong>uacare,</strong></span> <span class='ocrx_word' id='word_1_212' title='bbox 431 2719 487 2780; x_wconf 90' lang='lat' dir='ltr'><strong>nisi</strong></span> <span class='ocrx_word' id='word_1_213' title='bbox 510 2719 637 2800; x_wconf 91' lang='lat' dir='ltr'><strong>quidam</strong></span> <span class='ocrx_word' id='word_1_214' title='bbox 662 2738 704 2779; x_wconf 93' lang='lat' dir='ltr'><strong>ex</strong></span> <span class='ocrx_word' id='word_1_215' title='bbox 727 2716 869 2799; x_wconf 91' lang='lat' dir='ltr'><strong>patibulo</strong></span> <span class='ocrx_word' id='word_1_216' title='bbox 893 2737 951 2778; x_wconf 91' lang='lat' dir='ltr'><strong>suo</strong></span> <span class='ocrx_word' id='word_1_217' title='bbox 974 2723 1171 2797; x_wconf 88' lang='lat' dir='ltr'><strong>spectatores</strong></span> <span class='ocrx_word' id='word_1_218' title='bbox 1194 2721 1412 2793; x_wconf 91' lang='lat' dir='ltr'><strong>conspuerent.</strong></span> 
     </span>
     <span class='ocr_line' id='line_1_24' title="bbox 364 2817 1531 2906; baseline -0.01 -19"><span class='ocrx_word' id='word_1_219' title='bbox 364 2817 456 2887; x_wconf 85' lang='lat' dir='ltr'><strong>¹XX.</strong></span> <span class='ocrx_word' id='word_1_220' title='bbox 509 2825 583 2886; x_wconf 92' lang='lat' dir='ltr'><strong>Non</strong></span> <span class='ocrx_word' id='word_1_221' title='bbox 627 2833 789 2906; x_wconf 87' lang='lat' dir='ltr'><strong>praestant</strong></span> <span class='ocrx_word' id='word_1_222' title='bbox 831 2822 1011 2904; x_wconf 91' lang='lat' dir='ltr'><strong>philosophi</strong></span> <span class='ocrx_word' id='word_1_223' title='bbox 1049 2842 1131 2902; x_wconf 93' lang='lat' dir='ltr'><strong>quae</strong></span> <span class='ocrx_word' id='word_1_224' title='bbox 1170 2821 1326 2900; x_wconf 91' lang='lat' dir='ltr'><strong>loquntur.</strong></span> <span class='ocrx_word' id='word_1_225' title='bbox 1381 2817 1531 2880; x_wconf 93' lang='lat' dir='ltr'><strong>multuml</strong></span> 
     </span>
     <span class='ocr_line' id='line_1_25' title="bbox 287 2925 1501 3014; baseline -0.01 -20"><span class='ocrx_word' id='word_1_226' title='bbox 287 2942 395 2994; x_wconf 89' lang='lat' dir='ltr'><strong>tamen</strong></span> <span class='ocrx_word' id='word_1_227' title='bbox 419 2940 580 3014; x_wconf 88' lang='lat' dir='ltr'><strong>praestant</strong></span> <span class='ocrx_word' id='word_1_228' title='bbox 603 2933 691 3013; x_wconf 92' lang='lat' dir='ltr'><strong>quod</strong></span> <span class='ocrx_word' id='word_1_229' title='bbox 714 2930 893 3011; x_wconf 88' lang='lat' dir='ltr'><strong>loquuntur,</strong></span> <span class='ocrx_word' id='word_1_230' title='bbox 917 2931 1011 3010; x_wconf 66' lang='lat' dir='ltr'><strong>quodv</strong></span> <span class='ocrx_word' id='word_1_231' title='bbox 1029 2929 1165 2992; x_wconf 88' lang='lat' dir='ltr'><strong>honesta</strong></span> <span class='ocrx_word' id='word_1_232' title='bbox 1188 2937 1301 2990; x_wconf 76' lang='lat' dir='ltr'><strong>mente⁴</strong></span> <span class='ocrx_word' id='word_1_233' title='bbox 1317 2925 1501 3005; x_wconf 86' lang='lat' dir='ltr'><strong>concipiunt:</strong></span> 
     </span>
     <span class='ocr_line' id='line_1_26' title="bbox 247 3031 1504 3120; baseline -0.007 -21"><span class='ocrx_word' id='word_1_234' title='bbox 247 3061 273 3099; x_wconf 76' lang='lat' dir='ltr'><strong>aa</strong></span> <span class='ocrx_word' id='word_1_235' title='bbox 288 3040 406 3101; x_wconf 90' lang='lat' dir='ltr'><strong>utinam</strong></span> <span class='ocrx_word' id='word_1_236' title='bbox 430 3039 559 3120; x_wconf 90' lang='lat' dir='ltr'><strong>quidem</strong></span> <span class='ocrx_word' id='word_1_237' title='bbox 584 3038 630 3119; x_wconf 76' lang='lat' dir='ltr'><strong>[si]</strong></span> <span class='ocrx_word' id='word_1_238' title='bbox 656 3046 689 3099; x_wconf 90' lang='lat' dir='ltr'><strong>et</strong></span> <span class='ocrx_word' id='word_1_239' title='bbox 711 3039 798 3119; x_wconf 90' lang='lat' dir='ltr'><strong>paria</strong></span> <span class='ocrx_word' id='word_1_240' title='bbox 821 3039 911 3098; x_wconf 88' lang='lat' dir='ltr'><strong>dictis</strong></span> <span class='ocrx_word' id='word_1_241' title='bbox 932 3040 1082 3118; x_wconf 81' lang='lat' dir='ltr'><strong>agerent!</strong></span> <span class='ocrx_word' id='word_1_242' title='bbox 1109 3035 1185 3116; x_wconf 90' lang='lat' dir='ltr'><strong>quid</strong></span> <span class='ocrx_word' id='word_1_243' title='bbox 1201 3045 1285 3096; x_wconf 89' lang='lat' dir='ltr'><strong>esset</strong></span> <span class='ocrx_word' id='word_1_244' title='bbox 1301 3033 1358 3096; x_wconf 91' lang='lat' dir='ltr'><strong>illis</strong></span> <span class='ocrx_word' id='word_1_245' title='bbox 1373 3031 1504 3093; x_wconf 83' lang='lat' dir='ltr'><strong>beatius?</strong></span> 
     </span>
     <span class='ocr_line' id='line_1_27' title="bbox 287 3135 1504 3226; baseline -0.007 -21"><span class='ocrx_word' id='word_1_246' title='bbox 287 3145 410 3207; x_wconf 88' lang='lat' dir='ltr'><strong>interim</strong></span> <span class='ocrx_word' id='word_1_247' title='bbox 434 3165 499 3207; x_wconf 93' lang='lat' dir='ltr'><strong>non</strong></span> <span class='ocrx_word' id='word_1_248' title='bbox 522 3154 570 3206; x_wconf 89' lang='lat' dir='ltr'><strong>est</strong></span> <span class='ocrx_word' id='word_1_249' title='bbox 593 3147 681 3226; x_wconf 93' lang='lat' dir='ltr'><strong>quod</strong></span> <span class='ocrx_word' id='word_1_250' title='bbox 704 3154 890 3207; x_wconf 88' lang='lat' dir='ltr'><strong>contemnas</strong></span> <span class='ocrx_word' id='word_1_251' title='bbox 914 3144 1000 3205; x_wconf 88' lang='lat' dir='ltr'><strong>bona</strong></span> <span class='ocrx_word' id='word_1_252' title='bbox 1027 3143 1126 3204; x_wconf 89' lang='lat' dir='ltr'><strong>uerba</strong></span> <span class='ocrx_word' id='word_1_253' title='bbox 1149 3151 1181 3203; x_wconf 93' lang='lat' dir='ltr'><strong>et</strong></span> <span class='ocrx_word' id='word_1_254' title='bbox 1204 3141 1297 3203; x_wconf 91' lang='lat' dir='ltr'><strong>bonis</strong></span> <span class='ocrx_word' id='word_1_255' title='bbox 1321 3135 1504 3220; x_wconf 87' lang='lat' dir='ltr'><strong>cogitationi·</strong></span> 
     </span>
     <span class='ocr_line' id='line_1_28' title="bbox 287 3245 1505 3335; baseline -0.01 -21"><span class='ocrx_word' id='word_1_256' title='bbox 287 3253 346 3314; x_wconf 91' lang='lat' dir='ltr'><strong>bus</strong></span> <span class='ocrx_word' id='word_1_257' title='bbox 378 3252 471 3335; x_wconf 89' lang='lat' dir='ltr'><strong>plena</strong></span> <span class='ocrx_word' id='word_1_258' title='bbox 500 3251 694 3333; x_wconf 89' lang='lat' dir='ltr'><strong>praecordia.</strong></span> <span class='ocrx_word' id='word_1_259' title='bbox 739 3252 916 3313; x_wconf 91' lang='lat' dir='ltr'><strong>studiorum</strong></span> <span class='ocrx_word' id='word_1_260' title='bbox 945 3249 1125 3312; x_wconf 86' lang='lat' dir='ltr'><strong>salutarium</strong></span> <span class='ocrx_word' id='word_1_261' title='bbox 1150 3248 1245 3310; x_wconf 91' lang='lat' dir='ltr'><strong>etiam</strong></span> <span class='ocrx_word' id='word_1_262' title='bbox 1269 3248 1347 3309; x_wconf 88' lang='lat' dir='ltr'><strong>citra</strong></span> <span class='ocrx_word' id='word_1_263' title='bbox 1370 3245 1505 3308; x_wconf 85' lang='lat' dir='ltr'><strong>effectum</strong></span> 
     </span>
    </p>
   </div>
   <div class='ocr_carea' id='block_1_3' title="bbox 287 3465 1505 3740">
    <p class='ocr_par' dir='ltr' id='par_1_3' title="bbox 287 3465 1505 3740">
     <span class='ocr_line' id='line_1_29' title="bbox 288 3465 1504 3565; baseline -0.011 -13"><span class='ocrx_word' id='word_1_264' title='bbox 288 3501 304 3552; x_wconf 83' lang='grc'>1</span> <span class='ocrx_word' id='word_1_265' title='bbox 323 3501 479 3565; x_wconf 89' lang='lat' dir='ltr'><strong>laudauitque</strong></span> <span class='ocrx_word' id='word_1_266' title='bbox 490 3499 662 3553; x_wconf 74' lang='lat' dir='ltr'><strong>deteriores:</strong></span> <span class='ocrx_word' id='word_1_267' title='bbox 684 3499 823 3562; x_wconf 76' lang='lat' dir='ltr'><strong>laudabitq;</strong></span> <span class='ocrx_word' id='word_1_268' title='bbox 910 3497 925 3548; x_wconf 80' lang='lat'>5</span> <span class='ocrx_word' id='word_1_269' title='bbox 945 3497 1013 3544; x_wconf 90' lang='lat' dir='ltr'><strong>inuiti</strong></span> <span class='ocrx_word' id='word_1_270' title='bbox 1026 3494 1118 3548; x_wconf 82' lang='lat' dir='ltr'><strong>nescio</strong></span> <span class='ocrx_word' id='word_1_271' title='bbox 1131 3465 1206 3563; x_wconf 68' lang='lat' dir='ltr'><strong>quis:</strong></span> <span class='ocrx_word' id='word_1_272' title='bbox 1228 3495 1304 3543; x_wconf 91' lang='lat' dir='ltr'><strong>inuidi</strong></span> <span class='ocrx_word' id='word_1_273' title='bbox 1391 3493 1421 3546; x_wconf 91' lang='lat'><strong>10</strong></span> <span class='ocrx_word' id='word_1_274' title='bbox 1434 3492 1504 3540; x_wconf 88' lang='lat' dir='ltr'><strong>aliena</strong></span> 
     </span>
     <span class='ocr_line' id='line_1_30' title="bbox 287 3579 1505 3658; baseline -0.014 -16"><span class='ocrx_word' id='word_1_275' title='bbox 287 3605 383 3642; x_wconf 87' lang='lat' dir='ltr'><strong>uerum</strong></span> <span class='ocrx_word' id='word_1_276' title='bbox 408 3604 466 3642; x_wconf 85' lang='lat' dir='ltr'><strong>esse</strong></span> <span class='ocrx_word' id='word_1_277' title='bbox 484 3589 588 3658; x_wconf 82' lang='lat' dir='ltr'><strong>nequit,</strong></span> <span class='ocrx_word' id='word_1_278' title='bbox 614 3587 768 3658; x_wconf 81' lang='lat' dir='ltr'><strong>oppositum</strong></span> <span class='ocrx_word' id='word_1_279' title='bbox 788 3587 932 3636; x_wconf 86' lang='lat' dir='ltr'><strong>delictorum</strong></span> <span class='ocrx_word' id='word_1_280' title='bbox 952 3586 1063 3634; x_wconf 90' lang='lat' dir='ltr'><strong>omnium</strong></span> <span class='ocrx_word' id='word_1_281' title='bbox 1083 3582 1198 3652; x_wconf 81' lang='lat' dir='ltr'><strong>requirit</strong></span> <span class='ocrx_word' id='word_1_282' title='bbox 1216 3599 1264 3631; x_wconf 89' lang='lat' dir='ltr'><strong>una</strong></span> <span class='ocrx_word' id='word_1_283' title='bbox 1372 3579 1505 3646; x_wconf 80' lang='lat' dir='ltr'><strong>exprobatio</strong></span> 
     </span>
     <span class='ocr_line' id='line_1_31' title="bbox 288 3669 1427 3740; baseline -0.007 -14"><span class='ocrx_word' id='word_1_284' title='bbox 288 3679 438 3728; x_wconf 84' lang='lat' dir='ltr'><strong>delectorum</strong></span> <span class='ocrx_word' id='word_1_285' title='bbox 530 3677 561 3728; x_wconf 95' lang='grc'><strong>11</strong></span> <span class='ocrx_word' id='word_1_286' title='bbox 582 3679 659 3726; x_wconf 90' lang='lat' dir='ltr'><strong>inuidi</strong></span> <span class='ocrx_word' id='word_1_287' title='bbox 679 3675 842 3729; x_wconf 75' lang='lat' dir='ltr'><strong>deteriores:</strong></span> <span class='ocrx_word' id='word_1_288' title='bbox 863 3676 932 3723; x_wconf 87' lang='lat' dir='ltr'><strong>inuiti</strong></span> <span class='ocrx_word' id='word_1_289' title='bbox 1024 3672 1057 3725; x_wconf 82' lang='lat'><strong>12</strong></span> <span class='ocrx_word' id='word_1_290' title='bbox 1077 3673 1187 3721; x_wconf 82' lang='lat' dir='ltr'><strong>audeatis</strong></span> <span class='ocrx_word' id='word_1_291' title='bbox 1205 3669 1303 3740; x_wconf 62' lang='lat' dir='ltr'><strong>arelao:</strong></span> <span class='ocrx_word' id='word_1_292' title='bbox 1326 3671 1427 3720; x_wconf 83' lang='lat' dir='ltr'><strong>audiatis</strong></span> 
     </span>
    </p>
   </div>
   <div class='ocr_carea' id='block_1_4' title="bbox 256 3753 1504 3876">
    <p class='ocr_par' dir='ltr' id='par_1_4' title="bbox 256 3753 1504 3876">
     <span class='ocr_line' id='line_1_32' title="bbox 256 3753 1504 3832; baseline -0.01 -13"><span class='ocrx_word' id='word_1_293' title='bbox 256 3766 259 3772; x_wconf 65' lang='grc'>’</span> <span class='ocrx_word' id='word_1_294' title='bbox 290 3767 322 3818; x_wconf 78' lang='lat' dir='ltr'><strong>ib</strong></span> <span class='ocrx_word' id='word_1_295' title='bbox 342 3776 451 3832; x_wconf 84' lang='lat' dir='ltr'><strong>prestare</strong></span> <span class='ocrx_word' id='word_1_296' title='bbox 540 3782 602 3830; x_wconf 87' lang='lat' dir='ltr'><strong>quae</strong></span> <span class='ocrx_word' id='word_1_297' title='bbox 620 3767 726 3830; x_wconf 89' lang='lat' dir='ltr'><strong>loquitur</strong></span> <span class='ocrx_word' id='word_1_298' title='bbox 739 3762 902 3816; x_wconf 71' lang='lat' dir='ltr'><strong>Pincianus:</strong></span> <span class='ocrx_word' id='word_1_299' title='bbox 924 3763 1091 3828; x_wconf 84' lang='lat' dir='ltr'><strong>queeloquitur</strong></span> <span class='ocrx_word' id='word_1_300' title='bbox 1104 3761 1166 3826; x_wconf 82' lang='lat' dir='ltr'><strong>(uee,</strong></span> <span class='ocrx_word' id='word_1_301' title='bbox 1186 3765 1216 3812; x_wconf 88' lang='lat' dir='ltr'><strong>ut</strong></span> <span class='ocrx_word' id='word_1_302' title='bbox 1228 3759 1345 3826; x_wconf 79' lang='lat' dir='ltr'><strong>uidetur,</strong></span> <span class='ocrx_word' id='word_1_303' title='bbox 1365 3759 1393 3812; x_wconf 83' lang='lat' dir='ltr'><strong>in</strong></span> <span class='ocrx_word' id='word_1_304' title='bbox 1405 3753 1504 3818; x_wconf 80' lang='lat' dir='ltr'><strong>rasura)</strong></span> 
     </span>
     <span class='ocr_line' id='line_1_33' title="bbox 1493 3848 1500 3876; baseline 0 0"><span class='ocrx_word' id='word_1_305' title='bbox 1493 3848 1500 3876; x_wconf 79' lang='grc'>1</span> 
     </span>
    </p>
   </div>
   <div class='ocr_carea' id='block_1_5' title="bbox 289 3895 1589 4509">
    <p class='ocr_par' dir='ltr' id='par_1_5' title="bbox 378 3895 1505 3969">
     <span class='ocr_line' id='line_1_34' title="bbox 378 3895 1505 3969; baseline -0.006 -11"><span class='ocrx_word' id='word_1_306' title='bbox 378 3909 496 3958; x_wconf 89' lang='lat' dir='ltr'><strong>orationis</strong></span> <span class='ocrx_word' id='word_1_307' title='bbox 516 3905 680 3960; x_wconf 77' lang='lat' dir='ltr'><strong>Pincianus:</strong></span> <span class='ocrx_word' id='word_1_308' title='bbox 702 3909 803 3958; x_wconf 90' lang='lat' dir='ltr'><strong>rationis</strong></span> <span class='ocrx_word' id='word_1_309' title='bbox 899 3903 933 3959; x_wconf 89' lang='grc'><strong>18</strong></span> <span class='ocrx_word' id='word_1_310' title='bbox 957 3906 1035 3969; x_wconf 83' lang='lat' dir='ltr'><strong>adigit</strong></span> <span class='ocrx_word' id='word_1_311' title='bbox 1055 3901 1194 3956; x_wconf 84' lang='lat' dir='ltr'><strong>Muretus:</strong></span> <span class='ocrx_word' id='word_1_312' title='bbox 1222 3903 1299 3950; x_wconf 86' lang='lat' dir='ltr'><strong>adicit</strong></span> <span class='ocrx_word' id='word_1_313' title='bbox 1393 3898 1425 3952; x_wconf 86' lang='lat'><strong>20</strong></span> <span class='ocrx_word' id='word_1_314' title='bbox 1446 3895 1505 3960; x_wconf 55' lang='lat' dir='ltr'><strong>quoi</strong></span> 
     </span>
    </p>

    <p class='ocr_par' dir='ltr' id='par_1_6' title="bbox 289 3977 1589 4509">
     <span class='ocr_line' id='line_1_35' title="bbox 396 3977 1589 4058; baseline -0.008 -12"><span class='ocrx_word' id='word_1_315' title='bbox 396 4003 422 4047; x_wconf 84' lang='lat' dir='ltr'><strong>at</strong></span> <span class='ocrx_word' id='word_1_316' title='bbox 440 3995 497 4049; x_wconf 67' lang='lat' dir='ltr'><strong>El:</strong></span> <span class='ocrx_word' id='word_1_317' title='bbox 519 4005 560 4046; x_wconf 87' lang='lat' dir='ltr'><strong>aut</strong></span> <span class='ocrx_word' id='word_1_318' title='bbox 685 3997 800 4046; x_wconf 84' lang='lat' dir='ltr'><strong>maledici</strong></span> <span class='ocrx_word' id='word_1_319' title='bbox 820 4001 843 4044; x_wconf 87' lang='lat' dir='ltr'><strong>et</strong></span> <span class='ocrx_word' id='word_1_320' title='bbox 862 3991 952 4047; x_wconf 75' lang='lat' dir='ltr'><strong>Koch:</strong></span> <span class='ocrx_word' id='word_1_321' title='bbox 974 3994 1114 4042; x_wconf 69' lang='lat' dir='ltr'><strong>maledici*</strong></span> <span class='ocrx_word' id='word_1_322' title='bbox 1139 3991 1220 4057; x_wconf 70' lang='lat' dir='ltr'><strong>(raa,</strong></span> <span class='ocrx_word' id='word_1_323' title='bbox 1236 3989 1361 4058; x_wconf 81' lang='lat' dir='ltr'><strong>fortasse</strong></span> <span class='ocrx_word' id='word_1_324' title='bbox 1379 3989 1410 4054; x_wconf 88' lang='lat' dir='ltr'><strong>et)</strong></span> <span class='ocrx_word' id='word_1_325' title='bbox 1588 3977 1589 3984; x_wconf 33' lang='lat'>¹</span> 
     </span>
     <span class='ocr_line' id='line_1_36' title="bbox 289 4069 1505 4150; baseline -0.011 -9"><span class='ocrx_word' id='word_1_326' title='bbox 289 4088 323 4141; x_wconf 83' lang='lat'><strong>22</strong></span> <span class='ocrx_word' id='word_1_327' title='bbox 342 4103 432 4136; x_wconf 87' lang='lat' dir='ltr'><strong>uacare</strong></span> <span class='ocrx_word' id='word_1_328' title='bbox 450 4086 478 4138; x_wconf 84' lang='lat' dir='ltr'><strong>e&#39;n</strong></span> <span class='ocrx_word' id='word_1_329' title='bbox 497 4084 549 4139; x_wconf 85' lang='lat' dir='ltr'><strong>det.</strong></span> <span class='ocrx_word' id='word_1_330' title='bbox 570 4101 657 4138; x_wconf 72' lang='lat' dir='ltr'><strong>corn:</strong></span> <span class='ocrx_word' id='word_1_331' title='bbox 679 4101 770 4149; x_wconf 81' lang='lat' dir='ltr'><strong>uagare</strong></span> <span class='ocrx_word' id='word_1_332' title='bbox 876 4100 919 4132; x_wconf 90' lang='lat' dir='ltr'><strong>suo</strong></span> <span class='ocrx_word' id='word_1_333' title='bbox 939 4079 1070 4150; x_wconf 74' lang='lat' dir='ltr'><strong>Madur&#39;q:</strong></span> <span class='ocrx_word' id='word_1_334' title='bbox 1097 4097 1154 4130; x_wconf 91' lang='lat' dir='ltr'><strong>suos</strong></span> <span class='ocrx_word' id='word_1_335' title='bbox 1172 4077 1231 4132; x_wconf 82' lang='lat' dir='ltr'><strong>eod.</strong></span> <span class='ocrx_word' id='word_1_336' title='bbox 1252 4085 1370 4132; x_wconf 85' lang='lat' dir='ltr'><strong>ceterum</strong></span> <span class='ocrx_word' id='word_1_337' title='bbox 1388 4069 1505 4129; x_wconf 62' lang='lat' dir='ltr'><strong>centania</strong></span> 
     </span>
     <span class='ocr_line' id='line_1_37' title="bbox 290 4157 1505 4245; baseline -0.019 -15"><span class='ocrx_word' id='word_1_338' title='bbox 290 4177 324 4230; x_wconf 84' lang='lat' dir='ltr'><strong>de</strong></span> <span class='ocrx_word' id='word_1_339' title='bbox 349 4192 404 4245; x_wconf 86' lang='lat' dir='ltr'><strong>qua</strong></span> <span class='ocrx_word' id='word_1_340' title='bbox 429 4174 553 4228; x_wconf 81' lang='lat' dir='ltr'><strong>dubitant</strong></span> <span class='ocrx_word' id='word_1_341' title='bbox 573 4172 687 4242; x_wconf 70' lang='lat' dir='ltr'><strong>Maduiq</strong></span> <span class='ocrx_word' id='word_1_342' title='bbox 712 4181 737 4226; x_wconf 88' lang='lat' dir='ltr'><strong>et</strong></span> <span class='ocrx_word' id='word_1_343' title='bbox 759 4171 853 4236; x_wconf 84' lang='lat' dir='ltr'><strong>Gertz,</strong></span> <span class='ocrx_word' id='word_1_344' title='bbox 879 4170 946 4224; x_wconf 75' lang='lat' dir='ltr'><strong>iaec</strong></span> <span class='ocrx_word' id='word_1_345' title='bbox 965 4177 1017 4223; x_wconf 84' lang='lat' dir='ltr'><strong>est:</strong></span> <span class='ocrx_word' id='word_1_346' title='bbox 1045 4169 1112 4238; x_wconf 79' lang='lat' dir='ltr'><strong>ipsis</strong></span> <span class='ocrx_word' id='word_1_347' title='bbox 1132 4165 1298 4221; x_wconf 79' lang='lat' dir='ltr'><strong>coutumeliis</strong></span> <span class='ocrx_word' id='word_1_348' title='bbox 1317 4180 1385 4234; x_wconf 82' lang='lat' dir='ltr'><strong>quas</strong></span> <span class='ocrx_word' id='word_1_349' title='bbox 1403 4164 1427 4215; x_wconf 82' lang='lat' dir='ltr'><strong>iu</strong></span> <span class='ocrx_word' id='word_1_350' title='bbox 1443 4157 1505 4212; x_wconf 83' lang='lat' dir='ltr'><strong>alias</strong></span> 
     </span>
     <span class='ocr_line' id='line_1_38' title="bbox 291 4250 1504 4334; baseline -0.014 -16"><span class='ocrx_word' id='word_1_351' title='bbox 291 4264 449 4334; x_wconf 83' lang='lat' dir='ltr'><strong>effundunt,</strong></span> <span class='ocrx_word' id='word_1_352' title='bbox 474 4263 540 4317; x_wconf 77' lang='lat' dir='ltr'><strong>mitri</strong></span> <span class='ocrx_word' id='word_1_353' title='bbox 559 4261 643 4330; x_wconf 82' lang='lat' dir='ltr'><strong>fidem</strong></span> <span class='ocrx_word' id='word_1_354' title='bbox 664 4261 791 4330; x_wconf 83' lang='lat' dir='ltr'><strong>facerent</strong></span> <span class='ocrx_word' id='word_1_355' title='bbox 814 4261 863 4314; x_wconf 81' lang='lat' dir='ltr'><strong>otii</strong></span> <span class='ocrx_word' id='word_1_356' title='bbox 886 4268 911 4314; x_wconf 83' lang='lat' dir='ltr'><strong>et</strong></span> <span class='ocrx_word' id='word_1_357' title='bbox 930 4259 1016 4314; x_wconf 83' lang='lat' dir='ltr'><strong>bonae</strong></span> <span class='ocrx_word' id='word_1_358' title='bbox 1028 4252 1178 4328; x_wconf 66' lang='lat' dir='ltr'><strong>Tartareae,</strong></span> <span class='ocrx_word' id='word_1_359' title='bbox 1202 4256 1311 4327; x_wconf 74' lang='lat' dir='ltr'><strong>nisiex</strong></span> <span class='ocrx_word' id='word_1_360' title='bbox 1329 4250 1504 4325; x_wconf 75' lang='lat' dir='ltr'><strong>periculosae</strong></span> 
     </span>
     <span class='ocr_line' id='line_1_39' title="bbox 293 4341 1503 4424; baseline -0.015 -16"><span class='ocrx_word' id='word_1_361' title='bbox 293 4361 460 4424; x_wconf 77' lang='lat' dir='ltr'><strong>spectatores</strong></span> <span class='ocrx_word' id='word_1_362' title='bbox 479 4352 683 4422; x_wconf 79' lang='lat' dir='ltr'><strong>corrspueaunm</strong></span> <span class='ocrx_word' id='word_1_363' title='bbox 702 4349 828 4421; x_wconf 77' lang='lat' dir='ltr'><strong>exemplo</strong></span> <span class='ocrx_word' id='word_1_364' title='bbox 841 4347 1035 4418; x_wconf 79' lang='lat' dir='ltr'><strong>refellerentur</strong></span> <span class='ocrx_word' id='word_1_365' title='bbox 1125 4347 1159 4400; x_wconf 83' lang='grc'><strong>23</strong></span> <span class='ocrx_word' id='word_1_366' title='bbox 1179 4352 1287 4416; x_wconf 85' lang='lat' dir='ltr'><strong>prestant</strong></span> <span class='ocrx_word' id='word_1_367' title='bbox 1374 4359 1418 4408; x_wconf 87' lang='lat' dir='ltr'><strong>que</strong></span> <span class='ocrx_word' id='word_1_368' title='bbox 1429 4341 1503 4402; x_wconf 87' lang='lat' dir='ltr'><strong>loqun-</strong></span> 
     </span>
     <span class='ocr_line' id='line_1_40' title="bbox 293 4435 1364 4509; baseline -0.01 -15"><span class='ocrx_word' id='word_1_369' title='bbox 293 4449 331 4494; x_wconf 90' lang='lat' dir='ltr'><strong>tur</strong></span> <span class='ocrx_word' id='word_1_370' title='bbox 421 4443 456 4496; x_wconf 86' lang='grc'><strong>24</strong></span> <span class='ocrx_word' id='word_1_371' title='bbox 474 4447 583 4509; x_wconf 87' lang='lat' dir='ltr'><strong>prestant</strong></span> <span class='ocrx_word' id='word_1_372' title='bbox 674 4439 707 4493; x_wconf 79' lang='lat'><strong>25</strong></span> <span class='ocrx_word' id='word_1_373' title='bbox 728 4442 819 4490; x_wconf 86' lang='lat' dir='ltr'><strong>utinam</strong></span> <span class='ocrx_word' id='word_1_374' title='bbox 839 4440 938 4503; x_wconf 91' lang='lat' dir='ltr'><strong>quidem</strong></span> <span class='ocrx_word' id='word_1_375' title='bbox 958 4437 999 4506; x_wconf 89' lang='lat' dir='ltr'><strong>[si]</strong></span> <span class='ocrx_word' id='word_1_376' title='bbox 1020 4435 1128 4490; x_wconf 83' lang='lat' dir='ltr'><strong>Haase:</strong></span> <span class='ocrx_word' id='word_1_377' title='bbox 1149 4453 1208 4485; x_wconf 84' lang='lat' dir='ltr'><strong>nam</strong></span> <span class='ocrx_word' id='word_1_378' title='bbox 1227 4437 1326 4500; x_wconf 87' lang='lat' dir='ltr'><strong>quidem</strong></span> <span class='ocrx_word' id='word_1_379' title='bbox 1344 4435 1364 4484; x_wconf 89' lang='lat' dir='ltr'><strong>si</strong></span> 
     </span>
    </p>
   </div>
   <div class='ocr_carea' id='block_1_6' title="bbox 0 0 1605 5318">
    <p class='ocr_par' dir='ltr' id='par_1_7' title="bbox 0 0 1605 5318">
     <span class='ocr_line' id='line_1_41' title="bbox 0 0 1605 5318; baseline 0 0"><span class='ocrx_word' id='word_1_380' title='bbox 0 0 1605 5318; x_wconf 95' lang='lat' dir='ltr'><strong> </strong></span> 
     </span>
    </p>
   </div>
  </div>
 </body>
</html>
