3212 5326
447 337 524 382 DIAL.
541 337 568 384 V,
598 339 638 379 DE
653 337 704 380 IRA
719 337 774 380 ΗΒ.
790 336 830 382 111.
858 337 942 380 22²³.
1244 342 1304 404 105

99 487 167 568 regis
195 485 398 549 tabernaculo
429 484 599 560 faciebant,
630 485 718 566 quod
749 484 894 548 homines
925 491 957 546 et
988 481 1246 563 periculosissime
1275 491 1306 546 et

96 592 282 656 libentissime
320 592 451 668 iaciunt,
493 594 533 655 de
569 612 645 674 rege
675 613 733 654 suo
765 590 847 654 male
879 589 1121 652 existimabant?
1167 590 1306 652 audierat

97 701 187 762 omnia
209 700 407 781 Antigonus,
438 707 549 781 utpote
582 719 653 762 cum
683 701 762 762 inter
795 699 934 761 dicentes
966 705 998 760 et
1022 695 1200 758 audientem
1224 694 1307 779 palla

96 809 249 868 interesset.
285 825 381 888 quam
406 805 454 868 ille
478 805 586 868 leuiter
610 807 787 869 commouit
811 813 851 880 et,
875 802 1007 886 longius,
1024 805 1129 883 inquit,
1146 803 1306 878 discedite,

71 931 127 982 3ne
160 933 215 976 uos
252 933 310 974 rex
349 913 463 977 audiat.
520 914 605 975 idem
644 912 783 994 quadam
821 919 932 985 nocte,
971 929 1043 972 cum
1073 910 1229 991 quosdam
1263 931 1332 972 exa

19 1035 20 1040 ¹
95 1018 225 1082 militibus
248 1020 312 1082 suis
335 1020 517 1083 exaudisset
541 1021 648 1084 omnia
671 1018 755 1082 mala
777 1017 965 1101 inprecantis
990 1018 1068 1098 regi,
1091 1019 1144 1098 qui
1166 1017 1252 1099 ipsos
1275 1017 1305 1078 in

95 1123 156 1187 illud
183 1125 240 1189 iter
272 1134 304 1189 et
335 1125 550 1190 inextricabile
573 1125 673 1190 lutum
698 1125 899 1200 deduxisset,
930 1125 1062 1187 accessit
1085 1125 1125 1186 ad
1150 1143 1222 1198 eos,
1253 1123 1306 1205 qui

97 1251 233 1295 maxume
256 1231 455 1308 laborabant,
480 1243 512 1296 et
541 1253 612 1297 cum
636 1233 809 1314 ignorantis
831 1251 851 1293 a
873 1251 938 1314 quo
962 1231 1182 1294 adiuuarentur
1205 1228 1304 1312 expli-

94 1340 207 1414 cuisset,
244 1360 343 1416 nunc,
382 1341 492 1422 inquit,
532 1340 708 1404 maledicite
739 1339 919 1420 Antigono,
959 1339 1044 1400 euius
1083 1337 1156 1399 uitio
1187 1337 1217 1398 in
1248 1335 1305 1400 has

93 1445 215 1508 miserias
238 1445 408 1518 incidistis:
442 1447 469 1509 ei
493 1455 599 1510 autern
623 1448 711 1510 bene.
730 1454 848 1530 optate,
872 1447 925 1528 qui
948 1465 1006 1507 uos
1022 1465 1063 1506 ex
1080 1443 1139 1507 hac
1155 1444 1306 1524 uoragine
1323 1461 1345 1500 n

68 1551 196 1619 reduxit.
240 1553 327 1616 idem
359 1563 425 1616 tam
457 1555 522 1617 miti
554 1553 660 1616 animo
692 1553 830 1616 hostium
861 1571 989 1616 suorum
1018 1549 1185 1613 maledieta
1208 1570 1303 1632 quarn

93 1658 189 1722 ciuium
219 1659 298 1723 tulit.
344 1661 449 1742 itaque
481 1682 553 1724 cum
582 1661 613 1723 in
637 1659 768 1742 paruolo
792 1659 932 1741 quodam
956 1656 1086 1722 castello
1111 1657 1222 1720 Graeci
1245 1657 1303 1720 ob-

92 1764 250 1829 siderentur
283 1776 315 1831 et
343 1767 457 1830 fiducia
479 1766 541 1832 loci
565 1775 805 1830 contemnentes
829 1766 955 1828 hostem
980 1763 1079 1828 multa
1101 1765 1132 1826 in
1156 1763 1303 1826 deformi·
1380 1805 1385 1814 -

91 1880 176 1935 tatem
191 1871 349 1955 Antigoni
365 1874 541 1937 iocarentur
556 1883 588 1937 et
604 1894 686 1937 nunc
701 1881 854 1936 staturam
871 1869 1030 1946 humilem,
1055 1891 1137 1934 nunc
1153 1870 1303 1934 conlisum

91 1999 186 2042 nasum
218 1980 415 2056 deriderent,
453 1983 593 2063 gaudeo,
625 1981 736 2062 inquit,
767 1989 800 2042 et
829 1977 945 2060 aliquid
976 1977 1052 2040 boni
1082 1997 1187 2058 sper0,
1221 1978 1244 2040 si
1274 1977 1303 2040 in
1323 1997 1343 2036 u

66 2088 185 2152 tcasnis
216 2089 295 2150 meis
327 2085 467 2150 Silenum
498 2088 612 2150 habeo.
659 2107 730 2149 curn
762 2086 821 2148 hos
852 2084 975 2148 dicaces
1006 2082 1090 2146 same
1121 2083 1304 2161 domuisset,

90 2194 175 2274 captis
206 2194 251 2257 sic
283 2214 356 2256 usus
388 2203 448 2269 est,
482 2204 516 2257 ut
546 2193 677 2275 eosqui
702 2193 827 2256 militiae
851 2192 941 2255 utiles
965 2198 1071 2266 erant,
1101 2190 1131 2252 in
1155 2189 1304 2253 cohortes

90 2300 284 2376 describeret,
325 2310 448 2364 ceteros
486 2303 635 2382 praeconi
667 2300 839 2364 subiceret:
888 2285 928 2361 id
953 2280 1080 2380 quodue
1110 2317 1144 2358 se
1176 2300 1303 2378 negauit

89 2403 231 2470 iacturum
255 2407 357 2484 luisse,
381 2409 438 2470 nisi
455 2407 622 2490 expediret
637 2408 685 2471 his
702 2401 867 2471 dominum
883 2405 1010 2481 habere,
1034 2406 1088 2486 qui
1103 2412 1170 2467 tam
1187 2403 1303 2468 malam

89 2511 231 2578 haberent
253 2513 403 2597 linguam.
1318 2531 1344 2570 nu

66 2635 72 2686 t
165 2621 281 2684 XXIII.
313 2621 414 2684 Huius
437 2642 537 2704 nepos
560 2620 618 2685 suit
639 2619 835 2696 Alexander,
858 2623 911 2702 qui
934 2619 1075 2683 lanceam
1100 2622 1131 2682 in
1155 2622 1305 2683 conuiuas

21 2722 23 2800 j
89 2745 151 2789 suos
180 2728 368 2811 torquebat,
398 2731 451 2810 qui
483 2748 525 2790 ex
557 2727 682 2792 duobus
712 2729 821 2792 amicis
851 2747 933 2808 quos
964 2725 1060 2808 paulo
1088 2737 1162 2790 ante
1191 2725 1304 2800 rettuli,
1408 2775 1414 2788 ,

19 2847 24 2852 ”
89 2831 209 2898 alterum
242 2834 326 2900 ferae
357 2834 490 2910 obiecit,
522 2833 655 2900 alterum
686 2835 753 2899 sibi.
806 2855 848 2896 ex
879 2833 926 2896 his
945 2833 1083 2896 ‘duobus
1113 2842 1222 2896 tamen
1253 2835 1305 2914 qui
1440 2829 1442 2836 ’

19 2927 20 2930 ¹
63 2937 160 3005 'tleoni
188 2942 334 3006 obiectus
358 2952 419 3017 est,
451 2943 538 3006 uixit.
586 2963 650 3005 non
673 2941 784 3005 habuit
806 2941 869 3004 hoc
892 2941 1011 3004 auitum
1035 2939 1086 3002 ille
1109 2941 1234 3014 uitium,
1264 2958 1304 3000 ne

20 3033 32 3070 '³
88 3056 243 3123 paternum
275 3048 412 3130 quidem.
464 3069 538 3111 nam
568 3051 593 3111 si
624 3069 688 3130 qua
717 3047 777 3112 alia
807 3052 838 3110 in
862 3047 1006 3128 Philippo
1037 3049 1152 3122 uirtuS,
1184 3045 1240 3110 suit
1271 3054 1304 3108 et
1319 3064 1344 3104 n
1412 3127 1418 3138 ,

88 3154 337 3218 contumeliarum
370 3158 537 3236 patientia,
570 3158 680 3236 ingens
711 3157 953 3218 instrumentum
984 3155 1027 3218 ad
1049 3153 1183 3217 tutelam
1207 3155 1304 3234 regni.

19 3249 39 3288 l*
88 3257 295 3325 Demochares
325 3262 368 3348 ad
400 3260 486 3324 illum
511 3261 740 3324 Parrhesiastes
771 3262 815 3323 ob
846 3263 974 3324 nimiam
999 3271 1031 3324 et
1054 3280 1224 3342 procacem
1247 3258 1303 3322 lin-

87 3385 173 3445 guam
197 3367 374 3449 adpellatus
398 3371 478 3431 inter
501 3368 579 3431 alios
603 3367 847 3448 Atheniensium
870 3367 995 3450 legatos
1013 3375 1151 3429 uenerat.
1197 3367 1305 3429 audita

87 3471 215 3556 benigne
252 3474 412 3555 legatione
444 3474 620 3556 Philippus,
660 3473 766 3550 dicite,
806 3477 921 3556 inquit,
960 3473 1049 3550 mihi,
1087 3473 1190 3536 iacere
1229 3474 1304 3555 quid

87 3583 216 3658 possim,
254 3584 341 3664 quod
378 3585 417 3647 sit
448 3580 699 3645 Atheniensibus
738 3591 871 3662 gratum.
927 3584 1054 3662 excepit
1086 3579 1305 3644 Demochares
1319 3596 1344 3634 ³0

87 3840 284 3897 lexistimabant
305 3844 475 3901 Gronout'ust
497 3843 636 3896 existimant
739 3845 755 3896 3
775 3846 883 3894 dicentes
898 3841 1066 3898 'Pincianae-t:
1088 3847 1209 3895 dicentem

89 3947 101 3999 t
117 3951 174 4002 illud
193 3953 220 4019 (d
238 3968 275 4006 ea·
293 3959 302 4003 t
322 3951 406 4022 corr.)
505 3951 521 4004 8
541 3929 686 4002 laborabant
783 3951 936 4016 explicuisset
955 3952 1046 4022 (prior
1065 3967 1076 4000 s
1095 3951 1122 4003 iu.
1141 3953 1208 4016 rus.)

36 4067 41 4174 ἑ
90 4073 115 4126 ll
135 4081 183 4126 tarn
201 4079 253 4130 miti
273 4076 324 4132 El:
347 4079 435 4148 immiti
524 4077 554 4130 12
574 4077 657 4143 grecie
737 4077 768 4130 13
788 4034 971 4128 contemlrentes
1057 4075 1087 4128 15
1107 4076 1200 4142 aliquid
1219 4077 1247 4142 (d
1266 4090 1304 4128 ex

19 4180 38 4301 ῑυζ
87 4201 192 4270 tcorr.)
295 4201 328 4255 16
348 4179 425 4253 tarnes
522 4201 555 4254 17
575 4187 663 4268 capitis
759 4201 793 4255 18
813 4202 838 4250 id
857 4217 953 4266 quoque
974 4197 1025 4254 Et:
1047 4201 1120 4266 idque
1212 4197 1244 4251 '19
1264 4216 1304 4248 ex-

20 4375 29 4417 l
88 4325 175 4387 pedite
193 4288 227 4330 *¹³⁵
246 4330 317 4394 (post
335 4333 344 4376 t
363 4326 429 4394 ras.)
520 4325 553 4378 26
574 4333 598 4375 at
617 4327 692 4412 tutele
711 4327 746 4394 (at
766 4325 792 4377 r'n
813 4326 845 4374 ad
864 4323 974 4378 uidetur
993 4329 1123 4377 mutatum
1144 4325 1214 4390 esse)

19 4060 37 4098 n'ss

89 4445 119 4500 28
139 4451 269 4516 appellatus
344 4449 376 4504 29
396 4403 481 4515 inquid
