3212 5318
219 329 229 348 “
309 369 372 432 228
539 363 617 406 orsu.
631 363 659 408 rc
689 361 1249 407 1011111111οεκκενιτΑτΕνιτΑε.
1273 345 1298 408 ’1.

308 510 393 573 uelut
424 509 577 572 inculcata
607 509 731 591 respuit.
777 507 849 568 nihil
881 509 981 569 minus
1013 515 1062 570 est
1090 499 1231 572 hominis
1258 510 1404 589 occupati
1434 527 1521 589 quarn

308 621 422 681 uiuere.
471 615 582 678 nullius
620 617 664 678 rei
703 614 855 676 difficilior
892 615 1021 676 scientia
1058 624 1115 678 est
1166 615 1362 697 professores
1401 615 1522 676 aliarum

308 726 420 787 artium
453 721 548 803 uolgo
579 720 731 802 multique
764 730 844 783 sunt.
890 722 1046 803 quasdam
1071 741 1148 784 uero
1171 741 1213 783 ex
1237 721 1284 784 his
1307 724 1395 803 pueri
1418 723 1523 784 admo-

309 832 386 893 dum
409 832 452 892 ita
475 830 652 912 percepisse
676 829 730 889 uisi
754 836 841 902 sunt,
866 837 901 890 ut
925 829 1020 890 etiam
1044 829 1227 910 praecipere
1249 838 1400 910 possent:
1427 830 1525 890 uiuere
1590 824 1591 890 l

282 947 379 1000 stota
401 939 466 1000 uita
495 938 679 999 discendum
704 944 752 998 est
776 945 826 1008 et,
857 935 944 1016 quod
969 937 1070 1015 magis
1093 933 1229 997 fortasse
1253 936 1430 1010 miraberis,
1464 943 1525 996 tota
1590 971 1591 974 =

309 1045 372 1105 uita
395 1037 580 1106 discendum
609 1051 658 1104 est
689 1041 777 1103 mori.
823 1049 872 1103 tot
904 1042 1034 1102 maximi
1059 1042 1114 1102 uiri
1138 1041 1251 1103 relictis
1274 1042 1421 1103 omnibus
1443 1043 1550 1122 inps-l

309 1151 464 1224 dimentis,
487 1169 559 1210 cum
576 1149 698 1221 diuitiis,
723 1145 841 1220 officiis,
866 1146 1079 1228 uoluptatibus
1094 1149 1332 1223 renuntiassent,
1355 1148 1418 1210 hoc
1434 1167 1526 1209 unum

308 1258 338 1318 in
370 1266 549 1318 extremam
580 1275 679 1336 usque
711 1262 849 1315 aetatem
881 1262 1028 1333 egerunt,
1060 1263 1094 1316 ut
1125 1255 1230 1316 uiuere
1260 1256 1403 1317 scirent:.
1427 1254 1527 1335 plures

308 1371 415 1424 tamen
446 1383 488 1424 ex
519 1360 566 1422 his
595 1361 738 1422 nondum
762 1379 796 1421 se
819 1360 898 1420 scire
922 1359 1054 1423 confessi
1077 1362 1143 1422 uita
1166 1361 1325 1436 abierunt,
1355 1363 1475 1422 nedum
1499 1370 1526 1421 ut

271 1487 294 1527 u
309 1469 357 1530 isti
380 1469 487 1530 sciant.
518 1468 633 1547 magni,
658 1466 731 1528 mihi
756 1468 859 1540 crede,
883 1474 915 1528 et
938 1484 1031 1547 supra
1053 1465 1209 1528 humanos
1229 1487 1352 1529 errores
1367 1469 1552 1532 eminentist

309 1577 364 1638 uiri
395 1584 443 1637 est
474 1573 548 1636 nihil
580 1595 621 1635 ex
651 1593 709 1634 suo
740 1581 887 1654 tempore
914 1572 1044 1634 delibari
1072 1575 1180 1636 sinere.
1227 1582 1260 1636 et
1282 1575 1355 1635 ideo
1379 1575 1445 1636 eius
1470 1578 1526 1636 uita

308 1681 491 1763 longissima
514 1689 577 1754 est,
608 1681 696 1761 quia,
727 1690 1019 1762 quantumcumque
1041 1681 1157 1760 patuit,
1189 1690 1294 1743 totum
1319 1683 1376 1762 ipsi
1399 1682 1525 1744 uacauit.

308 1787 382 1851 nihil
414 1790 486 1849 inde
515 1786 664 1848 incultum
689 1787 891 1867 otiosumque
914 1787 1021 1860 iacuit,
1053 1787 1126 1852 nihil
1150 1787 1209 1848 sub
1233 1787 1294 1850 alio
1317 1786 1382 1851 suit.
1430 1808 1525 1869 neque

309 1896 391 1957 enim
422 1895 589 1976 quicquam
622 1893 759 1974 repperit
791 1869 938 1973 dig'num,
970 1893 1057 1973 quod
1090 1913 1162 1955 cum
1194 1902 1340 1975 tempore
1370 1914 1429 1956 suo
1460 1914 1524 1975 per-

272 2021 294 2059 u
310 2009 447 2063 mutaret
478 2009 585 2062 custos
615 2000 681 2062 eius
713 2001 921 2081 parcissimus.
968 2000 1075 2079 itaque
1106 1979 1181 2061 satis
1211 1999 1252 2062 illi
1282 1999 1355 2061 fuit:
1389 2001 1425 2062 iis
1457 2021 1525 2062 uero
1592 2046 1593 2096 ,

310 2127 438 2170 necesse
462 2115 510 2169 est
534 2106 685 2181 defuisse,
716 2127 758 2167 ex
782 2125 917 2186 quorum
942 2107 1007 2169 uita
1030 2106 1165 2168 multum
1189 2106 1325 2186 populus
1348 2107 1428 2168 tulit.
1474 2121 1552 2168 nect
1592 2099 1593 2142 l

309 2225 358 2278 est
388 2216 474 2296 quod
506 2223 599 2294 putes
630 2233 693 2274 non
724 2212 793 2274 illos
825 2212 993 2306 aliquando
1024 2212 1206 2293 intellegere
1237 2213 1389 2275 damnum
1419 2234 1522 2274 suum:
1592 2219 1593 2228 ’

308 2321 477 2403 plerosque
499 2329 585 2381 certe
607 2319 714 2380 audies
738 2339 779 2381 ex
803 2318 867 2393 his,
899 2338 980 2400 quos
1003 2337 1119 2399 magna
1142 2318 1271 2382 felicitas
1294 2327 1423 2399 grauat,
1454 2321 1525 2381 inter

310 2426 466 2494 clientium
506 2445 620 2506 greges
658 2435 712 2487 aut
751 2445 914 2486 causarum
954 2428 1093 2486 actiones
1131 2434 1185 2487 aut
1222 2434 1343 2487 ceteras
1382 2424 1525 2486 honestas

269 2549 295 2590 2⁰
311 2533 450 2595 miserias
481 2531 660 2594 exclamare
690 2532 862 2604 interdum:
898 2533 1003 2593 uiuere
1027 2529 1102 2594 mihi
1125 2551 1189 2592 non
1212 2531 1292 2594 licet.
1338 2531 1447 2612 quidni
1469 2543 1552 2593 nont

310 2640 420 2702 liceat?
453 2656 564 2701 omnes
594 2638 651 2712 illi,
682 2639 734 2719 qui
758 2647 791 2700 te
814 2637 872 2700 sibi
895 2639 1071 2712 aduocant,
1094 2637 1151 2699 tibi
1175 2637 1343 2700 abducunt.
1389 2637 1441 2700 ille
1462 2657 1526 2699 reus

309 2755 387 2829 quot
411 2746 477 2807 dies
500 2744 649 2807 abstulit?
673 2757 753 2825 quot
776 2744 827 2806 ille
850 2746 1057 2806 candidatus?
1089 2754 1168 2824 quot
1191 2743 1242 2805 illa
1265 2765 1343 2806 anus
1367 2744 1525 2806 efferendis
1593 2813 1594 2820 ἵ

309 2853 478 2915 heredibus
513 2852 615 2914 lassa?
654 2860 733 2931 quot
767 2850 818 2912 ille
855 2853 897 2913 ad
927 2851 1114 2913 inritandam
1146 2852 1307 2912 auaritiam
1339 2851 1524 2932 captantium
1593 2883 1594 2886 κ

305 2949 472 3022 ¹simulatus
496 2961 610 3039 aeger?
642 2967 721 3039 quot
744 2957 793 3018 ille
817 2957 978 3040 potentior
1000 2957 1133 3032 amicuS,
1156 2958 1209 3037 qui
1232 2977 1291 3019 uos
1314 2977 1379 3018 non
1402 2958 1431 3018 in
1454 2956 1523 3017 ami-

269 3083 295 3122 rs
311 3068 431 3140 citiam,
463 3068 519 3127 sed
550 3067 579 3126 in
604 3066 791 3146 adparatum
816 3064 932 3125 habet?
971 3064 1143 3144 dispunge,
1174 3065 1318 3144 inquam,
1350 3072 1383 3124 et
1406 3082 1526 3124 recense

310 3174 393 3234 uitae
423 3181 496 3233 tuae
526 3173 611 3234 dies:
646 3171 767 3247 uidebis
798 3191 916 3251 paucos
949 3171 1125 3232 admodum
1156 3178 1188 3231 et
1221 3169 1354 3231 reiculos
1385 3171 1465 3250 apud
1494 3177 1525 3229 te

310 3280 470 3341 resedisse.
519 3279 686 3340 adsecutus
717 3276 767 3339 ille
797 3299 878 3358 quos
909 3286 1075 3359 optauerat
1105 3276 1206 3338 fasces
1236 3278 1321 3358 cupit
1352 3295 1467 3359 ponere
1495 3284 1554 3334 eta

310 3386 443 3447 subinde
475 3386 567 3448 dicit:
609 3387 737 3465 quando
776 3384 825 3445 hic
864 3404 961 3445 annus
1001 3383 1202 3464 praeteribit?
1241 3383 1314 3446 facit
1352 3382 1402 3446 ille
1431 3381 1524 3454 ludos,

310 3512 444 3574 quorum
468 3501 587 3554 sortem
605 3491 669 3553 'sibi
693 3491 858 3576 obtingere
882 3510 999 3571 magno
1023 3492 1219 3553 aestimauit:
1253 3492 1396 3571 quando,
1425 3489 1524 3568 inquit,

960 3614 965 3647 f

309 3687 521 3696 -ι-ι-ι-ι-ι-ι--υ

310 3847 420 3912 3uulgo
510 3845 679 3898 bmiraberis
699 3842 759 3898 cod.
777 3845 900 3895 mirabere
918 3842 1001 3914 ttulqo
1109 3844 1333 3910 ssimpedimentis
1439 3842 1522 3894 9111111

311 3935 477 3990 deteriorem
498 3935 550 3984 uita
676 3933 708 3984 11
735 3934 839 3983 delibari
857 3935 936 3983 sinere
954 3931 1119 3986 deteriores:
1140 3934 1245 3983 delibari
1263 3935 1315 3983 sine
1333 3936 1411 3984 sinere

311 4025 343 4077 13
369 4027 522 4088 otiosumque
547 4021 634 4092 Neap.
659 4023 732 4072 iacuit
759 4019 907 4076 Gruterusr
934 4023 1147 4086 oliumq.uacauit
1173 4021 1300 4091 (praefer
1318 4024 1352 4072 uit
1376 4023 1402 4074 t'n
1425 4033 1520 4083 ram

309 4173 373 4222 ante
391 4169 512 4236 upotest
526 4162 653 4232 fuisses)
745 4163 778 4215 15
797 4165 836 4212 his
928 4163 960 4216 17
979 4161 1172 4230 nonMadm'p:
1193 4165 1250 4214 hinc
1347 4165 1376 4216 ¹8
1395 4109 1441 4214 eds

310 4291 343 4346 23
369 4291 488 4340 irritanda
507 4289 580 4354 (ante
598 4289 614 4336 d
630 4287 809 4364 paruerat.)
828 4263 931 4340 auaritia
1044 4287 1079 4340 24
1101 4295 1160 4352 quot
1178 4289 1220 4337 ille
1239 4286 1402 4341 deteriores:
1423 4297 1467 4351 quo
1482 4282 1518 4330 ille

416 4379 450 4431 25
470 4380 494 4427 in
514 4380 659 4441 apparatum
679 4373 842 4428 deteriores:
864 4379 1020 4442 inapparatus
1035 4376 1056 4440 (s
1069 4394 1087 4429 a
1100 4373 1292 4442 com-addita)
1384 4375 1416 4428 26
1428 4371 1519 4423 reiculos

311 4466 366 4521 12⁷²:
388 4468 504 4518 ridiculos
594 4469 676 4531 aputte
696 4466 713 4530 (1
731 4465 811 4535 prior
830 4480 902 4519 corr.
922 4466 948 4517 in
968 4465 995 4530 d)
1087 4465 1120 4518 29
1145 4467 1269 4515 estimauit
