3212 5326
449 339 528 384 nint..
543 341 581 386 IV.
610 341 651 382 DE
665 341 717 384 IRA
732 343 787 386 Lis.
804 340 832 384 ll.
861 341 949 386 23-11.
1273 349 1313 412 73

78 497 87 548 t
178 487 292 550 XXIII.
338 487 441 550 Notus
485 496 533 550 est
575 487 625 550 ille
667 489 865 570 tyrannicida
907 489 959 570 qui
1002 487 1174 570 inperfecto
1218 509 1315 574 opere

103 593 322 677 conprehensus
354 603 385 656 et
408 594 450 656 ab
475 593 591 677 Hippia
614 603 729 670 tortus,
760 603 795 658 ut
818 597 962 658 conscios
985 596 1152 671 indicaret,
1183 597 1313 660 circum-

102 711 208 765 stantes
231 701 350 763 amicos
371 701 498 781 tyranni
513 701 686 763 nominauit
702 701 876 784 quibusque
895 702 1035 765 maxime
1051 721 1156 765 caram
1180 701 1313 766 salutem

102 811 154 870 eius
186 807 313 870 sciebat.
360 815 392 869 et
422 827 494 868 cum
526 805 576 869 ille
614 807 769 888 singulos,
808 817 842 871 ut
880 809 1031 871 nominati
1070 791 1174 885 erant,
1214 811 1314 873 occidi

101 917 234 990 iussisset,
257 915 471 996 interroganti,
496 915 602 996 ecquis
618 925 808 998 superesset,
832 925 874 990 tu,
902 917 1009 997 iuquit,
1025 914 1128 978 solus:
1155 917 1340 980 neminemu

101 1022 171 1083 enim
201 1019 294 1082 alium
327 1021 375 1083 cui
405 1041 495 1084 carus
526 1041 611 1084 esses
642 1021 759 1104 reliqui.
805 1021 907 1084 effecit
929 1022 986 1098 ira,
1018 1030 1051 1084 ut
1081 1030 1233 1103 tyrannus
1263 1031 1312 1104 ty-

101 1128 266 1190 rannicidae
282 1147 393 1190 manus
409 1128 674 1190 adcommodaret
698 1136 730 1189 et
753 1128 909 1211 praesidia
930 1148 987 1191 sua
1004 1127 1111 1210 gladio
1127 1149 1184 1190 suo
1201 1131 1312 1192 caede-

75 1242 145 1298 tret.
189 1243 308 1315 quanto
339 1235 511 1296 animosius
542 1232 750 1318 Alexandert
782 1235 839 1316 'qui
876 1255 948 1297 curn
982 1233 1110 1316 legisset
1148 1236 1313 1317 epistulam

100 1340 207 1416 matris,
237 1361 300 1423 qua
330 1340 578 1416 admonebatur,
610 1349 644 1402 ut
676 1361 694 1404 a
726 1361 850 1404 ueneno
874 1339 1007 1424 Philippi
1038 1341 1153 1404 medici
1179 1350 1314 1419 caueret,

75 1455 251 1528 iacceptam
282 1448 446 1530 potionem
474 1466 538 1509 non
570 1447 736 1510 deterritus
759 1447 847 1512 bibit.
892 1431 966 1532 plus
984 1448 1043 1510 sibi
1066 1448 1107 1510 de
1130 1449 1232 1510 amico
1256 1468 1313 1510 suo
1330 1469 1354 1510 ro

100 1554 227 1615 credidit.
274 1553 387 1635 dignus
410 1552 466 1616 suit
488 1555 541 1635 qui
564 1555 765 1616 innocentem
789 1554 936 1630 haberet,
968 1555 1082 1635 dignus
1113 1555 1166 1636 qui
1189 1551 1313 1617 faceret.

99 1659 153 1722 hoc
174 1680 212 1722 eo
236 1660 339 1742 magis
361 1662 392 1722 in
414 1659 605 1724 Alexandro
628 1661 733 1737 laudo,
764 1661 837 1744 quia
860 1681 955 1724 nemo
979 1670 1046 1723 tam
1070 1661 1228 1724 obnoxius
1251 1663 1315 1724 irae

99 1765 154 1829 luit.
189 1789 252 1850 quo
276 1768 375 1829 rarior
398 1775 504 1830 autem
529 1769 707 1830 moderatio
730 1769 760 1830 in
784 1767 921 1850 regibus,
944 1767 1007 1830 hoc
1033 1767 1191 1830 laudanda
1214 1769 1315 1850 magis

73 1881 147 1936 test.
190 1873 261 1936 fecit
293 1872 356 1959 hoc
386 1883 418 1936 et
442 1871 476 1938 C.
502 1873 618 1938 Caesar
646 1873 697 1936 ille
727 1875 780 1956 qui
812 1876 943 1937 uictoria
970 1875 1049 1937 ciuili
1073 1874 1315 1962 clementissime

99 1999 162 2041 usus
183 1989 237 2043 est.
285 2000 357 2042 cum
381 1981 490 2042 scrinia
514 1981 733 2064 deprendisset
756 1979 959 2062 epistularum
982 1981 1022 2043 ad
1047 1980 1104 2044 Cn.
1127 1981 1313 2063 Pompeium
1331 1999 1354 2042 u

99 2086 249 2150 missarum
283 2086 325 2149 ab
355 2088 390 2149 iis
421 2089 475 2168 qui
505 2062 784 2151 uidebantur'aut
823 2089 853 2150 in
884 2089 1014 2151 diuersis
1052 2095 1106 2149 aut
1136 2088 1166 2148 in
1197 2087 1314 2148 neutris

99 2189 181 2256 luisse
202 2193 352 2277 partibus,
377 2195 546 2256 conbussit.
590 2195 733 2275 quamuis
757 2194 923 2256 moderate
946 2193 1061 2256 soleret
1084 2194 1181 2268 irasci,
1206 2191 1314 2254 maluit

99 2307 194 2361 tamen
217 2320 282 2362 non
305 2319 409 2382 posse.
450 2300 662 2381 gratissimum
686 2301 808 2384 putauit
831 2320 930 2382 genus
955 2302 1064 2363 ueniae
1087 2300 1214 2374 nescire,
1238 2299 1313 2381 quid

100 2407 217 2488 quisque
239 2415 411 2488 peccasset.

75 2523 84 2572 1
177 2512 296 2574 XXIV.
326 2511 495 2574 Plurimum
520 2512 593 2576 mali
617 2513 784 2576 credulitas
811 2513 893 2579 lacit.
939 2533 1035 2595 saepe
1059 2533 1098 2574 ne
1122 2511 1313 2574 audiendum
1327 2530 1354 2572 ro

100 2618 214 2699 quidem
238 2627 300 2694 est,
331 2620 480 2701 quoniam
512 2620 542 2681 in
566 2619 754 2702 quibusdam
778 2619 873 2682 rebus
901 2621 997 2682 satius
1021 2629 1069 2682 est
1093 2619 1194 2701 decipi
1217 2637 1313 2700 quam

100 2723 236 2788 diffidere.
283 2725 425 2788 tollenda
456 2745 497 2787 ex
528 2726 634 2787 animo
665 2726 799 2809 suspicio
831 2735 864 2790 et
895 2727 1085 2800 coniectura,
1117 2723 1313 2786 fallacissima
1392 2729 1394 2734 '

31 2858 35 2866 ·
100 2830 295 2894 inritamenta.
357 2829 407 2892 ille
426 2845 490 2893 ‘me
522 2852 635 2914 parum
665 2831 803 2894 humane
833 2830 987 2896 salutauit.
1033 2831 1082 2893 ille
1106 2830 1215 2893 osculo
1239 2849 1312 2892 meo

101 2957 167 2998 non·
184 2938 334 3001 adhaesit.
382 2937 431 3000 ille
469 2938 652 3000 inchoatum
683 2958 864 3000 sermonem
904 2939 966 3002 cito
1005 2938 1137 3019 abrupit.
1182 2935 1232 2998 ille
1271 2937 1332 2997 ad'

73 3049 199 3106 tecnam
222 3064 287 3107 non
311 3044 445 3107 uocauit.
490 3042 567 3106 illius
599 3043 702 3106 uoltus
732 3045 871 3106 auersior
901 3044 984 3106 uisus
1015 3051 1071 3107 est.
1117 3063 1181 3105 non
1213 3043 1313 3106 deerit
1327 3069 1353 3110 rs

101 3151 252 3232 suspicioni
284 3150 532 3231 argumentatio:
567 3149 764 3231 simplicitate
795 3170 875 3231 opus
906 3158 954 3213 est
985 3158 1017 3212 et
1044 3149 1182 3230 benigna
1209 3169 1312 3212 rerum

101 3256 314 3319 aestimatione.
364 3254 438 3318 nihil
468 3257 525 3318 nisi
555 3257 643 3338 quod
673 3256 704 3318 in
737 3255 846 3318 oculos
876 3257 1012 3318 incurret
1049 3254 1313 3337 manifestumque

101 3361 149 3422 erit
184 3364 364 3439 credamus,
413 3372 446 3424 et
492 3363 638 3442 quotiens
683 3363 817 3458 suspicio
856 3371 965 3426 nostra
1003 3381 1084 3424 uana
1124 3361 1312 3444 apparuerit,

172 3557 292 3622 2hippia
311 3553 365 3606 tort'
386 3554 439 3623 (pia
457 3551 510 3606 tort'
532 3555 559 3607 in
578 3555 645 3622 raa.)
731 3555 747 3606 b
766 3557 925 3622 interroganti
944 3552 1074 3624 Madm'p:
1096 3551 1230 3619 introgauit

101 3645 167 3708 etquis
185 3643 301 3712 (panquis
319 3659 459 3714 suprascr.
479 3659 513 3698 ru.
533 3644 600 3711 rec.)
691 3651 716 3694 tu
735 3645 811 3710 inquit
831 3643 869 3712 (in
887 3659 974 3713 marp.
994 3641 1103 3696 addidit
1121 3659 1155 3696 m.
1174 3657 1228 3697 reo.
1247 3641 1313 3692 solus

101 3733 244 3785 reminsem
263 3734 317 3786 aliu
336 3735 374 3784 cui
393 3728 442 3784 car'
463 3749 526 3784 esses
545 3734 641 3799 reliqui)
745 3731 761 3785 7
781 3733 983 3783 accommodaret
1003 3728 1172 3786 memorabili
1187 3727 1312 3799 exerrrplo

98 3831 145 3885 pro
161 3823 339 3884 commodaret,
359 3819 434 3890 quod
445 3819 571 3876 Muretus
586 3819 727 3892 praetulit,
746 3819 784 3889 cf.
804 3819 838 3874 de
856 3821 899 3874 ira
919 3823 944 3884 3,
965 3823 1006 3886 11,
1026 3824 1041 3874 4
1060 3823 1101 3886 qui
1120 3821 1210 3870 uellent
1228 3834 1313 3868 manus
1408 3893 1409 3898 ἵ

103 3907 299 3970 eicommodare;
321 3913 346 3974 3,
363 3913 402 3973 12,
417 3913 432 3962 2
447 3927 478 3959 an
491 3927 590 3960 manum
605 3911 674 3960 alteri
693 3911 904 3969 commodauerit;
925 3924 987 3980 epp.
1001 3911 1025 3972 Θ,
1040 3911 1055 3960 6
1069 3925 1157 3958 uocem
1177 3915 1199 3958 et
1213 3923 1313 3956 manum

104 4001 293 4057 commodarem
315 4013 375 4069 epp.
389 4000 431 4062 70,
446 3999 461 4050 8
474 4014 524 4049 non
537 3999 708 4049 commodabit
721 4015 816 4065 poenae
828 4014 886 4048 suae
903 4015 1018 4056 manum;
1037 4005 1182 4066 praeterea
1194 4011 1256 4065 epp.
1272 3997 1313 4058 tt,

104 4083 145 4142 ²13
164 4089 203 4151 33,
223 4074 268 4148 9;'
281 4091 397 4158 quaesit.
417 4089 483 4139 nali.
504 4089 528 4151 2,
548 4087 573 4154 9,
593 4089 625 4142 2:
652 4075 796 4141 diomedeam
821 4091 908 4140 tamen
933 4093 972 4139 est
995 4101 1048 4139 non
1068 4083 1178 4137 nrultum
1199 4081 1314 4151 differre

104 4177 206 4244 eppssb,
220 4179 251 4230 18
272 4181 366 4226 ceteros
385 4175 550 4239 uoluptatibus
568 4176 657 4225 nostris
676 4177 775 4241 ingenia
794 4175 1016 4226 adcommodantes
1035 4191 1078 4223 sua
1097 4179 1122 4227 el
1141 4188 1202 4243 epp.
1219 4174 1275 4238 113,
1297 4173 1311 4223 3

105 4261 122 4308 si
136 4263 190 4314 mihi
208 4264 438 4316 adcommodaueris
457 4263 615 4314 subtilitatem
635 4270 658 4314 et
674 4265 834 4315 intentionem
853 4269 920 4314 tuam
996 4263 1012 4316 8
1032 4262 1161 4328 epistolam
1181 4262 1206 4327 (o
1227 4260 1311 4327 corr.)

171 4352 200 4406 13
219 4355 295 4405 rarior
314 4349 480 4406 Pincianus:
501 4353 582 4402 maior
659 4351 693 4404 14
713 4351 745 4408 G.
765 4353 841 4402 Cesar
916 4350 947 4404 17
966 4353 1060 4416 partib;
1082 4351 1134 4417 (ibi
1155 4350 1239 4416 corr.)
1304 4333 1307 4348 ⁵

107 4440 224 4492 combussit
293 4441 327 4494 25
347 4448 382 4493 no
402 4440 430 4507 (o
450 4439 476 4493 in
496 4439 564 4506 ras.)
638 4439 715 4490 uultus
