3184 5318
275 365 354 408 DlAL.
369 365 409 410 tx.
438 365 480 408 AD
495 365 637 408 susam
652 365 693 408 DE
707 363 973 417 Tannovlbuth'ru
988 363 1086 408 ANlMl.
1114 365 1133 408 2.
1254 371 1316 432 197

107 511 182 592 quod
209 529 339 574 necesse
370 521 419 574 est
449 511 592 574 accidere
622 510 842 593 pendentibus.
888 509 929 572 ad
959 517 1037 572 uota
1065 529 1121 572 sua
1151 511 1238 572 omni
1268 513 1319 572 uia
1398 575 1399 580 ,

106 617 227 680 tendunt
249 625 283 679 et
304 615 470 680 inhonesta
492 637 528 680 se
550 637 597 680 ac.
612 617 746 680 difficilia
762 618 887 706 ‘docent
909 625 1099 698 coguntque,
1123 623 1154 678 et
1177 616 1229 678 ubi
1252 615 1318 678 sine

106 724 233 804 praemio
265 721 357 786 labor
380 731 443 799 est,
468 731 603 804 ‘torquet
627 723 695 786 illos
719 724 798 786 inriti
822 723 977 798 dedecus,
1007 741 1067 784 nec
1089 721 1198 786 dolent
1221 741 1318 805 praua

78 843 149 903 lise,
176 828 234 890 sed
261 829 374 892 lmstra
397 827 540 892 uoluisse.
587 838 662 892 tunc
685 828 754 892 illos
778 840 809 893 et
832 829 1023 912 paenitentia
1046 829 1151 910 coepti
1174 836 1261 892 tenet
1286 837 1317 891 et

104 935 256 1018 incipiendi
293 936 390 999 timor
426 936 629 1018 subrepitque
667 935 718 998 illa
755 935 847 998 animi
883 935 1010 998 iactatio
1041 953 1104 998 non
1135 935 1343 998 inuenientiss

103 1041 229 1116 exitum,
257 1042 330 1124 quia
353 1062 412 1104 nec
433 1043 587 1124 imperare
610 1042 831 1124 cupiditatibus
854 1042 915 1106 suis
939 1061 998 1104 nec
1020 1041 1153 1122 obsequi
1176 1049 1316 1124 possunt,

103 1156 130 1210 et
156 1149 310 1210 cunctatio
349 1149 434 1212 ultae
463 1169 575 1231 parum
606 1169 641 1212 se
673 1148 857 1232 explicantis
889 1157 920 1212 et
951 1149 1030 1213 inter
1060 1149 1211 1212 destituta
1241 1157 1316 1210 uota

76 1255 244 1335 ltorpentis
267 1255 362 1316 animi
385 1255 470 1318 situs.
515 1275 596 1338 quae
619 1257 725 1320 omnia
748 1255 892 1336 grauiora
915 1263 995 1330 sunt,
1019 1255 1072 1318 ubi
1095 1255 1170 1318 odio
1191 1254 1314 1318 infelici-

102 1360 166 1422 tatis
195 1379 350 1442 operosae
379 1363 419 1424 ad
443 1362 542 1426 otium
566 1359 769 1444 perfugerunt
792 1382 830 1425 ac
852 1369 974 1424 secreta
997 1361 1115 1438 studia,
1146 1379 1227 1442 quae
1250 1361 1315 1442 pati

101 1487 156 1528 non
185 1475 290 1548 potest
317 1468 439 1530 animus
462 1469 503 1532 ad
527 1467 627 1532 ciuilia
650 1477 772 1532 erectus
795 1469 972 1549 agendique
995 1467 1126 1550 cupidus
1149 1475 1182 1529 et
1205 1477 1315 1530 natura
1332 1481 1355 1522 ¹0

100 1573 224 1654 inquies,
255 1593 367 1656 parurn
398 1573 515 1638 scilicet
544 1575 574 1638 in
605 1595 639 1638 se
669 1574 858 1638 solaciorum
889 1573 1030 1638 habens:
1064 1573 1136 1636 ideo
1167 1573 1315 1636 detractis

12 1705 13 1722 ι
101 1678 369 1755 oblectationibus,
400 1701 479 1762 quas
509 1681 596 1764 ipsae
622 1683 846 1764 occupationes
878 1680 1122 1744 discurrentibus
1152 1679 1315 1761 praebent,

101 1786 239 1860 domum,
255 1777 486 1862 solitudinem,
518 1789 651 1870 parietes
682 1808 746 1851 non
776 1786 851 1862 lert,
888 1787 1000 1850 inuitus
1030 1787 1163 1869 adspicit
1192 1806 1227 1848 se
1257 1785 1315 1848 sibi

60 1901 85 1954 ιι)
100 1891 220 1954 relictus.
266 1891 339 1956 hinc
376 1891 451 1956 illud
482 1901 530 1956 est
559 1895 699 1957 taedium
731 1903 763 1958 et
793 1893 988 1976 displicentia
1018 1893 1065 1955 sui
1095 1902 1128 1956 ct
1160 1911 1313 1973 nusquam

99 1999 251 2060 residentis
283 1999 377 2062 animi
407 1998 560 2062 uolutatio
591 2009 624 2062 et
646 1979 708 2063 ¹otii
731 2001 777 2062 sui
800 2001 895 2064 tristis
918 2008 1014 2081 atque
1037 2018 1133 2080 aegra
1155 1999 1313 2080 patientia,
1330 2013 1353 2056 rs

98 2103 195 2184 utique
216 2105 269 2168 ubi
293 2123 402 2168 causas
426 2104 514 2170 lateri
530 2107 629 2188 pudet
645 2115 677 2169 et
693 2115 854 2170 tormenta
869 2105 1019 2170 introrsus
1036 2107 1100 2186 egit
1117 2105 1314 2170 uerecundia,

97 2210 123 2270 in
151 2220 283 2292 angusto
315 2211 452 2274 inclusae
483 2213 670 2295 cupiditates
700 2213 766 2276 sine
796 2213 884 2276 exitu
914 2231 949 2274 se
978 2213 1065 2294 ipsae
1095 2193 1310 2291 strangulant:

98 2315 163 2378 inde
184 2337 309 2381 maeror
332 2337 518 2400 marcorque
541 2327 573 2382 et
596 2317 680 2382 mille
702 2319 813 2382 fluctus
829 2319 943 2382 mentis
959 2320 1104 2394 incertae,
1127 2337 1223 2398 quarn
1240 2335 1313 2398 spes

98 2403 251 2486 inchoatae
275 2423 395 2488 habent
413 2445 608 2506 suspensam,
632 2425 815 2508 deploratae
837 2425 968 2488 tristem.
1007 2425 1079 2486 inde
1104 2423 1155 2486 ille
1170 2423 1312 2486 adfectus

99 2531 188 2592 otium
217 2550 310 2593 suum
340 2531 563 2594 detestantium
596 2533 856 2615 querentiumque
879 2531 953 2593 nihil
974 2532 1060 2612 ipsos
1084 2529 1201 2592 habere
1225 2530 1312 2610 quod
1327 2544 1354 2590 tu

97 2643 192 2716 agant,
215 2645 247 2698 et
270 2635 376 2700 alienis
398 2637 597 2702 incrementis
619 2637 830 2702 inimicissima
851 2637 979 2700 inuidia·
1013 2634 1066 2698 alit
1083 2636 1164 2699 enim
1180 2634 1312 2698 liuorem

98 2740 194 2806 infelix
230 2743 341 2806 inertia
380 2753 412 2808 ct
447 2763 559 2806 omnes
590 2745 708 2808 destrui
738 2745 881 2826 cupiunt,
919 2743 992 2826 quia
1021 2761 1055 2804 se
1085 2762 1150 2804 non
1180 2749 1314 2822 potuere

63 2857 82 2908 ll
99 2849 270 2928 prouehere.
325 2869 368 2912 ex
396 2850 456 2912 hac
486 2851 600 2914 deinde
630 2852 827 2915 auersatione
857 2850 1028 2912 aliermrum
1052 2867 1257 2930 processuum
1277 2856 1313 2932 et

98 2975 216 3018 suorum
253 2957 486 3038 desperatione·
512 2958 693 3022 obirascens
724 2957 869 3021 fortunae
900 2957 1021 3018 animus
1051 2963 1084 3017 et
1115 2955 1155 3018 de
1186 2952 1312 3016 saeculo

98 3081 221 3141 querens
244 3071 276 3126 et
299 3063 330 3125 in
352 3062 486 3144 angulos
510 3083 544 3126 se
567 3063 729 3128 retrahens
753 3073 784 3126 et
808 3083 932 3147 poenae
954 3062 1104 3125 incubans
1124 3080 1209 3136 suae,
1233 3060 1309 3123 dum
1324 3075 1350 3116 rs

98 3165 174 3230 illurn
196 3170 305 3232 taedet
328 3170 374 3232 sui
397 3169 555 3252 pigetque.
594 3180 705 3234 natura
727 3171 810 3234 enirn
834 3169 990 3262 humanus
1013 3169 1135 3232 animus
1156 3165 1244 3248 agilis
1265 3174 1314 3228 est

99 3281 127 3335 et
147 3294 261 3355 pronus
284 3277 325 3339 ad
350 3285 464 3340 motus.
510 3286 601 3358 grata
623 3277 726 3340 omnis
750 3276 791 3339 illi
811 3277 970 3340 excitandi
993 3295 1027 3338 se
1048 3272 1313 3355 abstrahendique

100 3382 219 3443 materia
234 3390 290 3457 est,
314 3383 434 3462 gratior
447 3383 593 3464 pessimis
607 3383 783 3464 quibusque
796 3383 936 3464 ingeniis,
958 3401 1040 3463 quae
1056 3378 1313 3463 occupationibus

98 3482 220 3550 libenter
250 3489 450 3562 deteruntur,
480 3497 515 3552 ut
538 3487 641 3552 ulcera
664 3491 822 3571 quaedam
845 3489 1002 3552 nocituras
1026 3507 1136 3550 manus
1159 3487 1314 3569 adpetunt

100 3659 299 3683 &4-

101 3781 115 3834 2
136 3787 228 3837 tendunt
253 3785 347 3857 Haupt
370 3801 431 3840 cum
455 3785 599 3841 emendata
623 3785 793 3858 superiorum
819 3785 1048 3857 uhterpunctione:
1076 3790 1182 3853 pendunt

102 3871 195 3924 linrill
213 3871 305 3930 Koch:
332 3877 430 3927 inritum
456 3873 515 3932 cod.
539 3874 590 3929 scd
612 3891 666 3929 uon
692 3873 811 3930 dedecus
835 3874 945 3928 inritum
970 3879 1019 3939 cst,
1038 3872 1089 3928 sed
1106 3875 1184 3931 labor

102 3975 168 4023 praua
185 3959 349 4017 deteriores:
370 3979 447 4029 parua
554 3964 570 4016 4
590 3981 616 4014 se
634 3965 678 4014 sed
696 3966 783 4014 frustra
802 3961 910 4018 Haase:
931 3979 957 4014 se
976 3965 1062 4014 trustra
1170 3965 1186 4020 6
1207 3969 1312 4036 obsequ

179 4051 194 4104 9
216 4053 372 4118 perfugerunt
385 4069 414 4103 ac
430 4050 527 4107 Gertz:
548 4054 686 4119 plugerunt.
706 4053 738 4102 ud
830 4051 863 4106 10
882 4052 915 4102 ad
933 4053 1015 4103 ciuilia
1034 4059 1126 4104 erectus
1146 4052 1310 4111 deteriores:

101 4185 204 4243 adciuilia
221 4200 301 4246 rectus
321 4195 346 4261 (a
365 4191 454 4248 altera
472 4194 556 4260 corr.)
649 4195 678 4248 11
700 4147 857 4262 ὶιηίιὲυοοᾰ.
878 4196 996 4260 inquietus
1016 4192 1166 4250 detentores
1185 4203 1211 4251 et
1228 4196 1312 4268 uulgo

184 4280 216 4333 1¹2
234 4284 338 4347 prebent
441 4281 473 4336 14
492 4283 588 4333 relictus
607 4279 665 4336 Ei:
686 4284 797 4333 relictum
899 4285 968 4336 tedia
1072 4281 1206 4336 temeror

102 4371 121 4414 et
142 4367 179 4420 ille
201 4372 285 4422 flucttu
304 4368 446 4426 Bentlet'tts
554 4369 587 4424 19
613 4372 756 4438 deploratae
775 4369 926 4426 Beothius:
948 4372 1079 4437 deplorata
1105 4372 1133 4438 (ιῑ
1152 4388 1232 4438 corr„
1249 4371 1312 4444 fere

103 4460 193 4512 certum
210 4457 363 4530 censuisse
381 4461 412 4548 e),
496 4458 529 4514 25
549 4475 612 4526 pene
702 4459 736 4514 29
754 4465 780 4510 ut
798 4461 879 4512 ulcera
899 4459 936 4529 (ut
954 4461 978 4510 ul
995 4459 1023 4513 in
1042 4459 1110 4528 ras.)
