3212 5326
345 338 424 383 nint.
440 338 477 382 vt.
507 339 548 380 nt)
565 335 706 382 Manciam
725 337 763 380 DE
777 337 1019 384 consonatione,
1051 343 1069 384 1.
1243 345 1313 408 fil

99 483 216 566 publica
233 473 457 550 ¹monumenta
484 484 597 560 libros,
628 505 709 567 quos
738 487 782 548 uir
805 483 855 548 ille
877 483 1063 548 fortissimus
1087 489 1237 568 sanguine
1261 505 1319 549 suo

99 592 265 674 scripserat.
312 593 433 674 optime
463 594 604 657 meruisti
636 593 677 654 de
708 592 861 656 Romanis
891 593 1017 668 studiis,
1049 611 1166 674 magna
1197 593 1319 654 illorum

98 717 161 779 pars
185 707 315 762 arserat.
364 701 485 781 optime
508 701 549 762 de
573 699 716 782 posteris
739 700 781 762 ad
803 719 883 781 quos
900 699 1005 762 ueniet
1020 700 1201 782 incorrupta
1217 717 1319 760 rerum

98 803 167 868 fides
200 806 323 868 auctori
355 825 412 870 suo
443 825 562 888 magno
594 807 743 887 inputata
790 807 912 888 optime
940 807 981 868 de
1010 807 1095 888 ipso,
1127 805 1212 870 cuius
1236 806 1321 888 uiget

100 909 277 994 uigebitque
310 912 480 989 memoria,
511 913 660 995 quamdiu
692 913 722 974 in
753 913 855 996 pretio
879 911 974 982 suer'd
993 911 1142 976 Romana
1165 912 1315 993 cognosci
1334 897 1353 968 s'

99 1019 243 1098 quamdiu
267 1019 433 1102 quisquam
458 1021 523 1096 erit,
548 1019 599 1102 qui
621 1020 734 1082 reuerti
749 1019 823 1083 uelit
839 1019 880 1082 ad
897 1029 968 1084 acta
984 1020 1147 1094 maiorum,
1170 1019 1321 1100 quamdiu

98 1124 255 1205 quisquam
287 1126 340 1208 qui
369 1125 443 1189 uelit
473 1126 568 1202 scire,
606 1127 683 1208 quid
713 1127 752 1188 sit
782 1125 828 1188 uir
857 1125 1036 1202 Romanus,
1076 1127 1152 1208 quid
1183 1125 1320 1188 subactis

97 1231 150 1294 iam
174 1232 349 1296 ceruicibus
373 1235 515 1296 omnium
539 1242 571 1296 et
602 1235 644 1297 ad
669 1232 869 1296 Seianianum
900 1234 1006 1314 iugum
1038 1233 1159 1297 adactis
1188 1233 1320 1296 indomi-

69 1343 154 1412 ltus,
186 1339 264 1421 quid
295 1339 335 1402 sit
366 1339 465 1403 homo
496 1341 638 1421 ingenio,
670 1341 792 1416 animo,
824 1360 918 1404 manu
951 1338 1035 1402 liber.
1083 1359 1233 1421 magnum
1271 1359 1321 1401 me

97 1443 233 1509 hercules
264 1447 491 1510 detrimentum
524 1447 700 1529 respublica
731 1457 873 1530 ceperat,
915 1447 940 1516 si
971 1446 1055 1509 illum
1088 1446 1131 1510 ob
1163 1448 1242 1509 duas
1272 1465 1321 1508 res
1339 1463 1361 1504 ru

96 1553 316 1634 pulcherrimas
347 1553 377 1614 in
402 1553 594 1617 obliuionem
618 1557 814 1630 coniectum,
842 1552 1055 1636 eloquentiam
1079 1562 1111 1616 et
1135 1553 1321 1628 libertatem,

96 1679 153 1722 non
178 1660 334 1722 eruisses:
365 1659 493 1742 legitur,
525 1660 634 1737 floret,
667 1664 696 1723 in
721 1681 832 1725 manus
855 1661 1036 1737 hominum,
1068 1661 1097 1722 in
1121 1670 1251 1743 pectora
1274 1681 1321 1722 re-

97 1777 200 1849 ceptus
225 1775 420 1830 uetustatem
443 1767 561 1831 nullam
585 1769 692 1831 timet:
719 1777 752 1830 at
775 1767 897 1830 illorum
922 1765 1101 1831 carnificum
1125 1768 1187 1830 cito
1204 1765 1323 1830 scelera

69 1879 80 1924 ῖι
96 1894 232 1958 quoque,
274 1875 389 1955 quibus
419 1875 493 1938 solis
530 1878 715 1939 memoriam
754 1885 953 1950 meruerunt,
993 1875 1190 1938 tacebuntur.
1244 1873 1324 1936 haec
1356 1899 1360 1908 ·

97 1982 280 2061 magnitudo
306 1984 400 2054 animi
425 1983 469 2046 tui
494 1985 593 2045 uetuit
618 2003 669 2045 me
686 1984 727 2044 ad
743 2002 856 2044 sexum
874 1991 962 2044 tuum
979 1983 1141 2063 respicere,
1166 1981 1265 2043 uetuit
1281 1981 1321 2042 ad
1339 1997 1362 2037 rs

96 2086 230 2164 uoltum,
263 2109 361 2170 quem
392 2097 442 2152 tot
472 2073 625 2152 annorum
651 2091 800 2152 continua
822 2089 962 2164 tristitia,
995 2097 1029 2151 ut
1053 2085 1151 2150 semel
1176 2086 1322 2164 obduxit,

96 2202 186 2258 tenet.
236 2204 268 2258 et
299 2195 389 2269 uide,
422 2216 518 2278 quam
549 2216 614 2258 non
645 2195 814 2278 subrepam
839 2193 894 2257 tibi
919 2215 977 2257 nec
1000 2193 1116 2257 furtum
1141 2193 1243 2258 lacere
1266 2194 1321 2257 atl-

96 2299 223 2366 sectibus
254 2303 316 2364 tuis
347 2305 506 2383 cogitem:
542 2305 670 2383 antiqua
699 2300 834 2364 malain
859 2303 1047 2364 memoriam
1072 2301 1201 2376 reduxi,
1232 2311 1265 2365 et
1288 2310 1322 2363 ut

96 2410 185 2472 scires
217 2409 300 2470 hanc
330 2429 458 2490 quoque
488 2407 616 2490 plagam
649 2427 720 2470 esse
750 2409 941 2482 sanandam,
977 2409 1103 2470 ostendi
1135 2407 1192 2470 tibi
1224 2429 1323 2491 aeque

97 2518 197 2596 magni
223 2514 360 2578 uolneris
383 2517 558 2579 cicatricem
608 2516 658 2578 alii
676 2517 782 2596 itaque
799 2513 935 2579 molliter
951 2524 1048 2595 agant
1065 2523 1097 2577 et
1113 2513 1321 2590 blandiantur,
1337 2529 1363 2568 ²⁰

97 2641 154 2702 ego
178 2621 351 2703 confligere
375 2643 447 2684 cum
470 2632 527 2685 tuo
553 2643 697 2688 maerore
714 2624 862 2685 constitui
879 2630 910 2684 et
927 2619 1069 2683 defessos
1086 2620 1323 2703 exhaustosque

97 2728 207 2804 oculos,
232 2731 257 2791 si
281 2749 391 2792 uerum
416 2731 470 2804 uiS,
495 2731 675 2810 magisiam
692 2749 733 2790 ex
750 2729 976 2791 consuetudine
992 2747 1086 2809 quarn
1105 2747 1146 2788 ex
1163 2729 1321 2790 desiderio

97 2833 215 2919 fluentis
247 2834 435 2910 continebo,
468 2837 492 2898 si
523 2815 590 2898 fieri
621 2837 773 2918 potuerit,
806 2834 931 2897 fauente
963 2843 995 2898 te
1018 2834 1164 2896 remediis
1188 2836 1265 2908 tuis,
1297 2836 1321 2896 si

98 2944 201 3017 minuS,
226 2941 276 3006 uel
300 2943 411 3017 inuita,
435 2951 543 3005 teneas
568 2941 640 3006 licet
664 2951 696 3005 et
720 2941 911 3024 amplexeris
934 2941 1080 3003 dolorem
1104 2949 1202 3016 tuum,
1226 2959 1321 3021 quem

68 3049 149 3110 ttibi
172 3051 201 3112 in
226 3048 277 3112 filii
302 3048 408 3112 locum
432 3051 633 3130 superstitem
658 3047 765 3112 fecisti.
812 3051 881 3128 quis
905 3050 988 3110 eninr
1013 3049 1070 3111 erit
1093 3046 1182 3110 finis?
1215 3050 1321 3110 omnia
1335 3061 1361 3102 ²⁶

98 3155 124 3215 in
155 3175 382 3238 superuacuum
415 3165 573 3238 temptata
595 3165 686 3218 sunt:
721 3154 873 3235 fatigatae
896 3154 1116 3218 adlocutiones
1140 3154 1323 3230 amicorum,

12 3311 17 3322 .
98 3265 298 3326 auctoritates
330 3283 518 3344 magnorum
550 3272 582 3324 et
612 3261 762 3325 adfinium
793 3261 850 3324 tibi
883 3263 1038 3323 uirorum:
1081 3261 1201 3336 studia,
1233 3261 1321 3324 here-

98 3369 238 3432 ditarium
263 3378 296 3432 et
320 3379 485 3450 paternum
509 3369 639 3443 bonum,
664 3369 775 3430 surdas
799 3389 889 3430 aures
906 3371 998 3430 inrito
1014 3377 1046 3430 et
1063 3371 1116 3430 uix
1132 3368 1174 3430 ad
1191 3367 1321 3430 breuem

99 3478 337 3556 occupationem
369 3474 554 3557 proficiente
586 3475 704 3538 solacio
736 3484 907 3538 transeunt.
954 3473 1029 3536 illud
1053 3477 1155 3554 ipsum
1179 3474 1322 3538 naturale

100 3737 248 3805 limputota
351 3717 444 3804 optime
468 3741 512 3807 (op
530 3739 557 3793 in
578 3740 646 3806 raa.)
757 3739 789 3794 10
815 3743 908 3790 res-P·
999 3747 1115 3806 coeperat
1206 3757 1243 3790 res
1262 3739 1322 3794 cod.

101 3837 161 3878 artes
175 3827 304 3896 Muretus,
318 3844 396 3898 quem
410 3826 524 3900 Mauutq
537 3831 669 3899 sequitur,
690 3826 820 3898 deceptus
833 3827 959 3881 Firrlcertr'
975 3826 1077 3881 iudicio
1155 3829 1178 3882 ll
1202 3831 1323 3880 coiectum

172 3917 202 3970 12
221 3921 291 3970 floret
311 3915 475 3972 detestarer:
497 3921 565 3970 florei
657 3917 681 3970 tt
704 3920 848 3968 tacebuntur
868 3909 962 3971 Cttrt'oi
984 3920 1099 3967 tacebunt
1180 3918 1211 3970 ltt
1231 3919 1322 3968 uultum

101 4004 191 4073 (prior
208 4024 222 4058 u
241 4006 268 4060 t'tt
287 4008 355 4074 rat.)
460 4007 491 4060 17
516 4009 644 4058 aflectibus
734 4007 777 4058 ‘ld
802 4013 825 4057 et
844 4013 871 4056 ut
887 4009 961 4057 scires
983 4005 1138 4060 Schultessr
1165 4015 1188 4056 et
1206 4008 1243 4056 uis
1261 4008 1323 4056 scire

184 4095 212 4148 19
231 4113 292 4162 eque
376 4095 411 4150 20
430 4097 534 4162 uulneris
619 4097 652 4150 22
672 4098 723 4147 ium
744 4099 819 4165 (port
837 4095 908 4150 tanc
926 4109 1019 4150 uocem
1039 4095 1135 4150 clrarta
1154 4094 1253 4150 uitiosa
1272 4097 1322 4162 est)

198 4185 230 4238 26
255 4186 357 4250 fatigate
479 4188 628 4248 amicorum,
655 4188 838 4241 auctoritates.
857 4227 862 4238 .
882 4188 1005 4236 uirorum=
1032 4182 1121 4252 studia]
1146 4182 1217 4236 tatto
1241 4184 1322 4237 tmer-

99 4274 265 4340 punctt'onem
292 4273 464 4344 superiorum
489 4275 623 4329 editorum
648 4275 773 4328 inmerito
797 4271 967 4344 reliquerunt
984 4271 1096 4328 Ficlrert
1115 4279 1140 4325 et
1162 4271 1265 4336 Haase,
1285 4273 1323 4324 ita

13 4399 14 4402 η
102 4358 292 4431 distinguentes
311 4365 455 4418 amicorum.
476 4366 657 4418 auctoritates.
681 4405 687 4418 .
707 4366 829 4424 uirorum,
848 4365 929 4412 studia
1031 4363 1064 4416 29
1090 4363 1232 4427 proficiente
1252 4359 1322 4414 dete-

102 4449 204 4504 riorum
222 4437 289 4506 tmttt
307 4460 334 4507 et
352 4451 437 4506 alter:
459 4455 614 4518 proficientes
