3212 5326
719 1019 749 1086 u.
780 1019 921 1087 unuln
946 1020 1111 1088 aunuum

525 1169 964 1268 DIALOGORVM
1001 1170 1196 1266 LIBER
1230 1171 1306 1268 Vl.

800 1381 848 1428 uo
869 1379 1029 1428 usnemu
1128 1433 1136 1444 ,

762 1519 803 1573 llll
823 1516 1068 1574 consutltlunu.

837 1667 992 1674 ——-.-...-..

390 1809 412 1869 l.
446 1776 516 1869 Nisi
540 1816 581 1882 te,
606 1807 732 1882 Marcia,
756 1809 867 1870 scirem
892 1817 957 1869 tam
983 1807 1077 1890 longe
1101 1808 1142 1870 ab
1166 1808 1347 1871 infirmitate
1370 1809 1538 1871 muliebrtsr

301 1915 395 1978 animi
423 1936 518 1996 quarn
543 1935 562 1976 a
585 1916 696 1976 ceteris
722 1915 800 1977 uitiis
824 1915 988 1978 recessisse
1012 1924 1044 1976 et
1068 1935 1173 1976 mores
1196 1924 1269 1976 tuos
1293 1916 1380 1978 uelut
1402 1915 1515 1997 aliquod
1541 1923 1544 1932 “

253 2099 259 2112 Ι
301 2023 463 2104 antiquum
496 2021 660 2102 exemplar
691 2023 825 2102 adspici‚
858 2041 921 2082 non
946 2023 1096 2082 auderem
1120 2021 1249 2084 obuiam
1273 2023 1317 2084 ire
1341 2022 1441 2084 dolori
1462 2033 1516 2096 tu0‚

301 2130 347 2190 cui
372 2131 427 2190 uiri
450 2149 578 2210 quoque
601 2129 734 2191 libenter
755 2128 886 2189 haerent
904 2137 936 2190 et
951 2128 1109 2202 incubant,
1132 2149 1190 2189 nec
1206 2149 1297 2209 spem
1314 2130 1515 2210 concepissem

274 2245 367 2297 stam
398 2237 503 2318 iniquo
535 2244 696 2316 tempore,
728 2243 794 2296 tam
825 2235 949 2295 inimico
982 2235 1098 2308 iudice',
1129 2244 1194 2296 tam
1224 2235 1379 2297 inuidioso
1402 2236 1516 2298 crimine

301 2363 395 2422 posse
427 2363 479 2404 me
510 2341 648 2414 efficere,
680 2349 714 2401 ut
745 2339 904 2402 fortunam
936 2351 1023 2402 tuam
1047 2338 1236 2402 absolueres.
1282 2341 1428 2404 fiduciam
1452 2341 1515 2402 mihi
1585 2359 1586 2402 1

301 2449 389 2510 dedit
417 2446 618 2529 exploratum
647 2447 709 2507 iam
733 2446 830 2508 robur
853 2445 947 2508 animi
972 2456 1003 2507 et
1027 2465 1145 2526 magno
1169 2447 1389 2527 experimento
1412 2450 1514 2530 adpro-

233 2581 241 2598 ·
301 2555 377 2616 bata
406 2555 504 2615 uirtus
536 2563 598 2616 tua.
644 2575 708 2614 non
741 2562 788 2614 est
812 2555 972 2634 ignotum,
1005 2552 1131 2634 qualem
1163 2563 1195 2614 te
1218 2555 1249 2614 in
1272 2574 1409 2636 persona
1429 2553 1541 2636 patris?

244 2671 245 2676 ’
300 2663 344 2723 tui
372 2661 521 2742 gesseris,
550 2681 645 2742 quem
670 2681 733 2721 non
758 2661 859 2722 minus
883 2680 978 2741 quam
1004 2658 1120 2720 liberos
1144 2659 1296 2736 dilexisti,
1328 2670 1460 2744 excepto
1483 2680 1516 2720 eo

263 2788 286 2827 n
300 2769 386 2870 quod
411 2789 474 2830 non
498 2769 634 2850 optabas
658 2767 880 2849 superstitem:
907 2786 965 2828 nec
985 2766 1050 2826 scio
1067 2787 1106 2827 an
1124 2775 1155 2829 et
1171 2768 1338 2848 optaueris.
1376 2767 1517 2850 permittit
1586 2819 1587 2844 r

300 2877 382 2936 enim
407 2875 466 2937 sibi
489 2875 645 2958 quaedam
670 2884 780 2936 contra
804 2873 923 2934 bonum
949 2892 1072 2933 morem
1097 2892 1213 2954 magna
1235 2875 1344 2954 pietas,
1392 2884 1516 2937 mortem

302 2983 341 3044 A.
363 2981 513 3044 Cremutii
536 2981 641 3055 Cordi,
665 2983 805 3076 parentis
829 2982 873 3041 tui
896 2988 1051 3060 quantum
1074 2989 1211 3060 poteras
1236 2978 1412 3049 inhibuisti:
1437 2987 1515 3060 post-

301 3109 395 3170 quam
428 3088 484 3151 tibi
517 3091 660 3170 apparuit
692 3088 771 3149 inter
795 3085 977 3147 Seianianos
1009 3085 1158 3148 satellites
1187 3086 1272 3148 illam
1302 3108 1395 3149 unam
1419 3097 1516 3170 patere

211 3203 213 3208 '
301 3196 457 3257 seruitutis
480 3195 596 3277 fugam,
620 3216 684 3256 non
708 3193 809 3255 fauisti
833 3193 963 3255 consilio
987 3196 1068 3268 eius,
1093 3196 1150 3254 sed
1174 3193 1289 3256 dedisti
1314 3214 1423 3255 manus
1444 3193 1517 3254 uicta

262 3320 286 3359 rs
301 3299 468 3381 fudistique
492 3302 636 3363 lacrimas
659 3301 764 3383 palam
789 3310 821 3362 et
844 3301 979 3380 gemitus
1003 3301 1163 3362 deuorasti
1180 3301 1317 3382 quidem,
1342 3321 1407 3362 non
1421 3311 1516 3362 tamen

301 3406 387 3470 hilari
410 3407 513 3471 sronte
537 3409 643 3470 texisti
667 3417 698 3469 et
722 3407 784 3469 hoc
806 3406 858 3468 illo
875 3405 1010 3492 saeculo
1034 3427 1099 3492 quq
1121 3426 1237 3488 magna
1252 3407 1355 3488 pietas
1372 3417 1437 3469 erat
1451 3402 1517 3466 nihil

302 3516 384 3596 inpie
408 3513 527 3578 sacere:
555 3526 590 3578 ut
613 3535 689 3576 uero
714 3513 849 3593 aliquam
873 3515 1073 3574 occasionem
1098 3514 1232 3600 mptatio
1256 3515 1409 3594 temporis
1431 3512 1516 3584 dedit,
1532 3525 1544 3571 s

300 3621 457 3701 ingenium
488 3624 586 3704 patris
617 3623 677 3696 tui,
709 3622 750 3682 de
780 3641 844 3700 quo
874 3629 1036 3700 sumptum
1061 3628 1128 3680 erat
1151 3619 1355 3701 supplicium,
1385 3624 1414 3682 in
1437 3636 1516 3682 usum

300 3727 463 3791 hominum
488 3701 640 3790 reduxisti
664 3736 695 3789 et
711 3748 731 3788 a
747 3747 821 3788 uera
845 3725 930 3786 illum
954 3726 1118 3787 uindicasti
1140 3734 1244 3787 morte
1266 3746 1303 3790 ac
1320 3726 1470 3789 restituisti
1488 3723 1516 3782 in

301 3905 443 3970 3aspiciu
548 3905 564 3955 u
590 3905 666 3953 michi
772 3902 926 3966 iappbata
946 3900 973 3968 (p
992 3900 1020 3953 in
1040 3902 1108 3965 ras.)
1213 3901 1281 3954 8111
1300 3919 1405 3967 persona
1424 3900 1514 3968 Neam:

301 3996 433 4057 inpsonam
515 3995 545 4046 12
565 4010 654 4044 acrem.
675 3993 790 4044 uticordi,
871 3991 903 4042 123
925 3991 1070 4039 Seianianos
1089 3987 1234 4059 Apricolu:
1255 3991 1285 4040 sil
1304 3991 1344 4056 (in
1359 3991 1414 4059 fine
1432 4000 1517 4042 uersus

300 4079 388 4136 altera
407 4097 503 4136 mantus
523 4080 631 4136 addidit
650 4083 684 4147 la)
705 4082 794 4130 nianos
887 4079 912 4131 14
933 4081 1052 4128 seruitutis
1072 4077 1134 4132 olim
1155 4083 1325 4132 correctumt
1346 4080 1448 4130 seruituti
1490 4145 1496 4158 Ι

302 4170 333 4221 ru
353 4172 471 4231 frontes,
488 4169 544 4239 suit
559 4167 682 4237 sortasse
700 4171 805 4219 frontem
911 4170 960 4218 hoc
980 4167 1131 4220 deteriores
1147 4165 1288 4237 plerique:
1309 4171 1356 4232 hec
1447 4163 1515 4214 nichil

375 4260 406 4312 ll
426 4262 502 4325 impie
575 4261 677 4310 mutatio
691 4260 811 4323 temporis
825 4255 927 4327 Neapa
949 4263 1043 4306 mutato
1057 4263 1167 4322 tempore
1259 4255 1292 4309 18
1311 4260 1335 4306 in
1349 4274 1413 4306 nsum
1426 4253 1447 4308 t.
1459 4269 1477 4305 e.
1492 4253 1514 4298 1¹¹

299 4365 366 4397 usum
386 4348 446 4402 cod.
466 4351 490 4398 in
509 4351 587 4398 uisum
606 4363 666 4400 cum
686 4345 869 4415 Neapolitana
890 4345 1013 4398 inmerito
1034 4343 1144 4398 Fickert
1162 4350 1188 4398 et
1211 4343 1301 4399 Haase
1384 4347 1412 4397 ru
1430 4360 1455 4392 ac
1472 4341 1514 4406 (m.

299 4435 345 4492 alt.
365 4437 391 4489 in
408 4427 464 4504 fin}
483 4453 593 4496 nemim
615 4437 690 4489 initio
712 4435 826 4488 ulterius
844 4435 914 4499 ros.)
