3212 5326
476 351 561 396 DtnL.
583 351 623 395 111.
643 351 683 392 DE
703 351 754 393 lRA
774 351 829 396 LlB.
850 351 865 396 l.
880 355 900 395 8.
920 355 946 402 9„
1270 359 1311 420 43

101 492 167 556 ultra
197 513 293 574 quam
326 504 454 578 oportet
486 498 678 579 procedere,
717 498 775 558 sed
812 497 843 558 in
876 495 1036 559 adlectum
1076 498 1143 578 ipse
1173 505 1313 559 mutatur

101 600 221 682 ideoque
244 621 310 662 non
332 610 440 684 potest
463 601 573 666 utilem
596 601 680 665 illam
705 603 769 664 uim
798 610 830 664 et
858 601 1027 664 salutarem
1067 603 1225 684 proditam
1250 603 1311 664 iam

75 705 339 789 tinfirmatamque
369 729 528 772 reuocare.
574 709 760 784 nonenim,
791 717 825 770 ut
850 709 924 784 dixi,
953 716 1113 790 separatas
1137 709 1196 770 ista
1218 711 1311 771 sedes

99 833 159 875 suas
181 813 387 896 diductasque
411 814 539 890 habent,
567 809 625 878 sed
648 814 791 878 adlectus
815 823 846 877 et
870 815 950 877 ratio
974 815 1004 877 in
1027 814 1138 878 melius
1161 815 1312 898 peiusque

100 921 218 982 mutatio
249 921 344 982 animi
375 929 430 983 est.
481 923 648 1002 quomodo
679 941 757 1003 ergo
797 921 875 983 ratio
912 930 1066 1002 occupata
1096 929 1128 983 et
1159 940 1312 1003 oppressa
1339 938 1352 978 a
1415 967 1417 974 .

100 1027 166 1104 uitiis
189 1035 341 1106 resurget,
364 1047 446 1108 quae
470 1028 533 1089 irae
557 1027 669 1090 cessit?
694 1036 748 1089 aut
763 1027 1036 1108 quemadmodum
1062 1047 1103 1090 ex
1128 1027 1311 1090 confusione

73 1140 126 1195 lse
152 1131 309 1208 liberabit,
342 1134 372 1194 in
403 1153 466 1214 qua
496 1133 640 1215 peiorum
671 1135 809 1196 mixtura
839 1131 1031 1216 praeualuit?
1085 1134 1142 1196 sed
1173 1133 1311 1214 quidam,

98 1240 198 1320 inquit,
237 1239 268 1300 in
303 1239 349 1300 ira
385 1259 419 1302 se
451 1240 621 1302 continent.
685 1249 790 1318 utrum
822 1259 900 1322 ergo
932 1239 975 1301 ita
1020 1248 1055 1302 ut
1093 1237 1166 1301 nihil
1197 1237 1311 1302 faciant

98 1365 301 1426 eorumquae
325 1345 369 1407 ira
393 1347 491 1408 dictat
515 1365 554 1407 an
578 1354 613 1407 ut
636 1343 773 1427 aliquid?
797 1346 822 1408 si
845 1344 919 1407 nihil
943 1343 1066 1420 iaciunt,
1090 1346 1222 1427 adparet
1246 1365 1311 1406 non

97 1473 155 1515 esse
179 1453 218 1514 ad
242 1452 382 1514 actiones
407 1469 510 1514 rerum
535 1453 743 1514 necessariam
768 1452 855 1526 iram,
878 1471 974 1532 quarn
998 1472 1065 1527 uos,
1088 1451 1177 1533 quasi
1201 1450 1309 1514 lortius
1327 1467 1350 1508 ιο

71 1564 82 1615 l
96 1559 198 1640 aliquid
214 1559 335 1621 ratione
351 1557 491 1633 haberet,
512 1558 724 1620 aduocabatis.
749 1587 791 1624 aa
817 1558 952 1640 denique
968 1558 1139 1638 interrogo,
1151 1557 1310 1640 tualentior

96 1676 135 1727 est
155 1685 249 1746 quam
281 1664 361 1726 ratio
393 1685 433 1725 an
456 1663 626 1726 infirmior?
659 1665 684 1727 si
715 1664 885 1738 ualentior,
917 1665 1082 1746 quomodo
1110 1663 1151 1726 illi
1174 1663 1308 1726 modum

95 1773 162 1833 ratio
186 1771 301 1853 poterit
325 1771 491 1852 inponere,
523 1791 595 1832 cum
627 1791 738 1852 parere
769 1771 825 1833 nisi
856 1769 1048 1833 inbecilliora
1064 1791 1140 1852 ,non
1164 1769 1307 1834 soleant?

95 1878 115 1938 si
134 1877 279 1939 infirmior
303 1886 368 1952 est,
398 1877 465 1939 sine
496 1876 557 1939 hac
586 1897 650 1960 per.
674 1879 708 1940 se
737 1879 778 1939 ad
809 1896 913 1939 rerum
938 1876 1067 1940 effectus
1090 1875 1206 1939 sufficit
1228 1877 1308 1939 ratio

70 1987 80 2034 l
95 2003 143 2045 nec
177 1984 334 2046 desiderat
376 1982 574 2045 inbecillioris
613 1983 772 2046 auxilium.
818 1993 850 2046 at
887 1984 955 2046 irati
992 1984 1122 2064 quidam
1162 1991 1308 2045 constant
1325 2001 1348 2064 p

94 2089 142 2150 sibi
177 2099 207 2152 et
237 2111 272 2152 se
308 2090 478 2152 continent.
525 2092 675 2169 quando?
722 2109 794 2152 cum
830 2089 892 2152 iam
924 2091 968 2152 ira
999 2089 1156 2151 euanescit
1188 2097 1220 2159 et
1252 2107 1309 2150 sua

94 2204 196 2277 sponte
218 2197 352 2278 decedit,
384 2216 448 2258 non
465 2216 537 2258 cum
562 2197 591 2256 in
615 2197 684 2277 ipso
708 2194 831 2259 feruore
856 2207 910 2258 est„
950 2204 1026 2258 tunc
1042 2196 1124 2257 enim
1147 2200 1308 2276 potentior

69 2303 141 2365 lest.
185 2303 258 2383 quid
275 2306 375 2382 ergo?
392 2323 456 2364 non
473 2302 642 2383 aliquando
659 2303 688 2364 in
704 2303 749 2364 ira
764 2323 892 2383 quoque
908 2311 940 2364 et
955 2303 1118 2364 dimittunt
1132 2298 1306 2362 incolumes
1371 2353 1376 2362 .

93 2408 277 2490 intactosque
293 2429 374 2490 quos
396 2408 531 2470 oderunt
555 2416 587 2470 et
607 2409 788 2470 anocendo
805 2409 980 2471 abstinent?
1005 2404 1128 2470 faciunt.
1160 2397 1306 2489 quando?

94 2533 154 2576 cum
184 2514 325 2577 adlectus
356 2516 543 2597 repercussit
575 2517 735 2578 adlectum
774 2527 805 2576 et
842 2525 896 2577 aut
927 2524 1030 2577 metus
1061 2524 1115 2576 aut
1154 2511 1306 2596 cupiditas
1321 2539 1347 2582 20

94 2619 194 2701 aliquid
225 2621 402 2702 inpetrauit.
442 2641 511 2682 non
545 2621 673 2684 rationis
704 2630 779 2684 tunc
810 2620 964 2684 beneficio
996 2621 1130 2703 quieuit,
1169 2621 1226 2682 sed
1250 2620 1305 2682 ad-

95 2725 219 2790 fectuum
244 2727 340 2788 infida
363 2735 394 2789 et
418 2727 501 2788 mala
523 2747 611 2810 pace.

70 2835 78 2884 1
170 2834 221 2897 IX.
245 2834 371 2896 Deinde
402 2833 476 2896 nihil
506 2832 603 2895 habet
627 2834 715 2896 inse
738 2834 812 2896 utile
841 2854 900 2895 nec
923 2833 1005 2896 acuit
1028 2833 1166 2895 animum
1191 2833 1233 2894 ad
1256 2851 1307 2893 res

94 2937 213 3003 bellicas.
260 2960 434 3021 numquam
466 2941 549 3002 enim
580 2940 678 3002 uirtus
710 2941 785 3002 uitio
816 2939 994 3002 adiuuanda
1017 2948 1065 3002 est
1088 2959 1123 3002 se
1146 2947 1304 3002 contenta,

93 3047 222 3124 quotiens
245 3047 353 3128 inpetu
377 3067 458 3128 opus
482 3055 539 3122 est,
564 3067 627 3108 non
644 3048 791 3121 irascitur,
815 3048 873 3109 sed
895 3047 1020 3127 exurgit
1044 3055 1076 3108 et
1099 3046 1130 3108 in
1152 3054 1305 3127 quantum
1320 3067 1347 3110 aa

93 3155 200 3230 putauit
222 3173 304 3234 opus
328 3173 405 3229 esse,
437 3154 611 3215 concitatur
635 3154 873 3234 remittiturque,
905 3174 970 3216 non
994 3153 1081 3216 aliter
1105 3171 1201 3233 quam
1226 3171 1306 3234 quae

93 3260 244 3321 tormentis
262 3259 479 3342 exprimuntur
496 3258 566 3334 tela,
590 3260 620 3321 in
636 3268 798 3341 potestate
819 3259 971 3321 mittentis
995 3267 1068 3321 sunt
1091 3259 1121 3320 in
1153 3267 1306 3340 quantum

67 3363 291 3446 ltorqueantur.
334 3365 396 3441 ira,
421 3366 520 3446 inquit
543 3364 742 3441 Aristoteles,
767 3369 943 3427 necessaria
966 3375 1021 3426 est.
1061 3363 1307 3445 necquicquam

92 3469 150 3530 siae
176 3472 234 3534 c'llc
257 3473 443 3552 expugnari
463 3480 584 3551 potest,
618 3472 683 3533 nesi
711 3471 771 3534 illa
802 3472 903 3553 inplet
930 3473 1076 3534 animam
1105 3481 1138 3532 et
1157 3471 1307 3552 spirltum

92 3578 225 3641 accendit,
272 3577 421 3640 utendum
453 3587 558 3640 autem
589 3577 648 3640 illa
678 3589 728 3640 est
755 3599 816 3640 nan
847 3589 884 3640 ut
911 3577 1005 3655 duce,
1043 3577 1104 3639 sed
1132 3587 1169 3640 ut
1195 3577 1305 3640 milite.
1322 3601 1349 3642 ao

93 3751 288 3766 ‘u—

195 3879 211 3931 l
230 3881 312 3937 attach
445 3879 460 3931 7
479 3894 505 3929 se
518 3877 639 3929 'liberabit
658 3877 754 3932 ceteri:
775 3879 914 3928 seliberauit
1038 3879 1054 3932 9
1074 3879 1308 3952 appareteQJarua

94 3966 150 4030 ras.)
267 3968 299 4020 ll
313 3971 382 4038 post
400 3969 562 4018 aduocabatis
580 3966 696 4021 alteram
711 3973 821 4037 partem
840 3968 1083 4038 arqumcntatianis
1102 3969 1229 4023 amissam
1249 3985 1309 4024 csse

95 4067 176 4126 Haase
192 4071 326 4127 intellexit
463 4073 497 4128 20
516 4055 625 4143 adtectus
642 4080 669 4128 et
685 4056 785 4140 adfectu
807 4072 949 4143 utrobique
966 4076 979 4124 t
994 4089 1055 4145 sup.
1075 4076 1090 4125 d
1109 4091 1164 4134 aar.

94 4173 123 4227 ll
141 4181 261 4231 affectuum
381 4181 414 4235 25
435 4183 526 4248 impetu
650 4183 756 4246 exsurgit
887 4181 920 4234 26
940 4184 1116 4250 remittiturque
1135 4181 1144 4252 ]
1164 4183 1309 4250 enititurque

95 4259 208 4337 Malaia,
227 4267 277 4322 sed
295 4267 364 4322 illud
381 4285 435 4323 aaa
455 4271 639 4340 temptandum
658 4285 719 4324 csse
737 4267 807 4322 ecidit
821 4265 974 4324 Schultess:
996 4275 1026 4324 ut
1045 4269 1106 4336 tela,
1126 4273 1241 4342 quaein
1255 4289 1307 4343 pa·

95 4356 179 4408 testate
190 4357 314 4411 mittentis
326 4364 401 4420 seret,
415 4359 502 4429 mapa?
521 4359 643 4413 minusue
662 4363 830 4428 torquentur,
850 4357 888 4411 ila
906 4357 976 4412 iram
995 4359 1044 4430 qai
1061 4359 1121 4414 eius
1140 4375 1250 4431 campos
1269 4367 1308 4415 eat

96 4440 167 4497 modo
178 4445 298 4508 concitat,
316 4446 396 4500 moda
414 4447 537 4514 remittit,
631 4447 665 4502 27
683 4447 867 4516 suntetparaa
886 4457 954 4509 raa.)
