<?xml version="1.0" encoding="UTF-8"?>
<!DOCTYPE html PUBLIC "-//W3C//DTD XHTML 1.0 Transitional//EN"
    "http://www.w3.org/TR/xhtml1/DTD/xhtml1-transitional.dtd">
<html xmlns="http://www.w3.org/1999/xhtml" xml:lang="en" lang="en">
 <head>
  <title>
</title>
<meta http-equiv="Content-Type" content="text/html;charset=utf-8" />
  <meta name='ocr-system' content='tesseract 3.04.00' />
  <meta name='ocr-capabilities' content='ocr_page ocr_carea ocr_par ocr_line ocrx_word'/>
</head>
<body>
  <div class='ocr_page' id='page_1' title='image "./lannaeisenecaed01vahlgoog_0214.png"; bbox 0 0 3184 5318; ppageno 0'>
   <div class='ocr_carea' id='block_1_1' title="bbox 329 365 1299 434">
    <p class='ocr_par' dir='ltr' id='par_1_1' title="bbox 329 365 1299 434">
     <span class='ocr_line' id='line_1_1' title="bbox 329 365 1299 434; baseline 0 -26"><span class='ocrx_word' id='word_1_1' title='bbox 329 367 408 411; x_wconf 68' lang='lat' dir='ltr'>orm„</span> <span class='ocrx_word' id='word_1_2' title='bbox 418 365 466 412; x_wconf 87' lang='lat' dir='ltr'>Vll.</span> <span class='ocrx_word' id='word_1_3' title='bbox 493 365 536 408; x_wconf 78' lang='lat' dir='ltr'>Ao</span> <span class='ocrx_word' id='word_1_4' title='bbox 551 365 728 408; x_wconf 65' lang='lat' dir='ltr'>ottilonem</span> <span class='ocrx_word' id='word_1_5' title='bbox 743 365 782 407; x_wconf 79' lang='lat' dir='ltr'>DE</span> <span class='ocrx_word' id='word_1_6' title='bbox 797 365 868 413; x_wconf 79' lang='lat' dir='ltr'>vt&#39;rn</span> <span class='ocrx_word' id='word_1_7' title='bbox 883 365 988 408; x_wconf 69' lang='lat' dir='ltr'>centn.</span> <span class='ocrx_word' id='word_1_8' title='bbox 1017 367 1050 410; x_wconf 82' lang='lat' dir='ltr'>to.</span> <span class='ocrx_word' id='word_1_9' title='bbox 1239 373 1299 434; x_wconf 74' lang='lat'>173</span> 
     </span>
    </p>
   </div>
   <div class='ocr_carea' id='block_1_2' title="bbox 5 512 1383 2517">
    <p class='ocr_par' dir='ltr' id='par_1_2' title="bbox 5 512 1383 1983">
     <span class='ocr_line' id='line_1_2' title="bbox 64 512 1301 608; baseline 0.001 -32"><span class='ocrx_word' id='word_1_10' title='bbox 64 515 234 584; x_wconf 66' lang='lat' dir='ltr'>alaudanda</span> <span class='ocrx_word' id='word_1_11' title='bbox 265 513 411 576; x_wconf 87' lang='lat' dir='ltr'>tractatio</span> <span class='ocrx_word' id='word_1_12' title='bbox 443 521 521 576; x_wconf 80' lang='lat' dir='ltr'>est·</span> <span class='ocrx_word' id='word_1_13' title='bbox 546 513 621 594; x_wconf 90' lang='lat' dir='ltr'>quid</span> <span class='ocrx_word' id='word_1_14' title='bbox 653 513 781 608; x_wconf 82' lang='lat' dir='ltr'>mirum,</span> <span class='ocrx_word' id='word_1_15' title='bbox 812 512 837 574; x_wconf 93' lang='lat' dir='ltr'>si</span> <span class='ocrx_word' id='word_1_16' title='bbox 865 531 929 574; x_wconf 93' lang='lat' dir='ltr'>non</span> <span class='ocrx_word' id='word_1_17' title='bbox 952 514 1126 575; x_wconf 87' lang='lat' dir='ltr'>escendunt</span> <span class='ocrx_word' id='word_1_18' title='bbox 1149 513 1177 575; x_wconf 93' lang='lat' dir='ltr'>in</span> <span class='ocrx_word' id='word_1_19' title='bbox 1203 513 1301 577; x_wconf 93' lang='lat' dir='ltr'>altum</span> 
     </span>
     <span class='ocr_line' id='line_1_3' title="bbox 89 619 1301 701; baseline -0.002 -18.13"><span class='ocrx_word' id='word_1_20' title='bbox 89 623 175 684; x_wconf 89' lang='lat' dir='ltr'>ardua</span> <span class='ocrx_word' id='word_1_21' title='bbox 201 621 362 700; x_wconf 85' lang='lat' dir='ltr'>adgressi?</span> <span class='ocrx_word' id='word_1_22' title='bbox 393 621 450 682; x_wconf 92' lang='lat' dir='ltr'>sed</span> <span class='ocrx_word' id='word_1_23' title='bbox 474 619 499 682; x_wconf 93' lang='lat' dir='ltr'>si</span> <span class='ocrx_word' id='word_1_24' title='bbox 522 619 641 694; x_wconf 91' lang='lat' dir='ltr'>uires,</span> <span class='ocrx_word' id='word_1_25' title='bbox 672 619 810 700; x_wconf 91' lang='lat' dir='ltr'>suspice,</span> <span class='ocrx_word' id='word_1_26' title='bbox 842 619 964 681; x_wconf 89' lang='lat' dir='ltr'>etiamsi</span> <span class='ocrx_word' id='word_1_27' title='bbox 989 619 1153 695; x_wconf 89' lang='lat' dir='ltr'>decidunt,</span> <span class='ocrx_word' id='word_1_28' title='bbox 1186 639 1301 701; x_wconf 87' lang='lat' dir='ltr'>magna</span> 
     </span>
     <span class='ocr_line' id='line_1_4' title="bbox 89 725 1299 808; baseline -0.002 -17"><span class='ocrx_word' id='word_1_29' title='bbox 89 728 224 791; x_wconf 89' lang='lat' dir='ltr'>conantis.</span> <span class='ocrx_word' id='word_1_30' title='bbox 271 746 426 808; x_wconf 89' lang='lat' dir='ltr'>generosa</span> <span class='ocrx_word' id='word_1_31' title='bbox 461 745 511 789; x_wconf 90' lang='lat' dir='ltr'>res</span> <span class='ocrx_word' id='word_1_32' title='bbox 546 733 594 789; x_wconf 89' lang='lat' dir='ltr'>est</span> <span class='ocrx_word' id='word_1_33' title='bbox 630 725 849 808; x_wconf 84' lang='lat' dir='ltr'>respicientem</span> <span class='ocrx_word' id='word_1_34' title='bbox 880 745 945 788; x_wconf 93' lang='lat' dir='ltr'>non</span> <span class='ocrx_word' id='word_1_35' title='bbox 976 726 1018 789; x_wconf 89' lang='lat' dir='ltr'>ad</span> <span class='ocrx_word' id='word_1_36' title='bbox 1049 745 1136 800; x_wconf 89' lang='lat' dir='ltr'>suas,</span> <span class='ocrx_word' id='word_1_37' title='bbox 1172 729 1229 789; x_wconf 93' lang='lat' dir='ltr'>sed</span> <span class='ocrx_word' id='word_1_38' title='bbox 1261 727 1299 788; x_wconf 88' lang='lat' dir='ltr'>ad</span> 
     </span>
     <span class='ocr_line' id='line_1_5' title="bbox 5 831 1299 924; baseline 0 -28"><span class='ocrx_word' id='word_1_39' title='bbox 5 843 7 924; x_wconf 71' lang='lat' dir='ltr'>l</span> <span class='ocrx_word' id='word_1_40' title='bbox 89 843 203 896; x_wconf 88' lang='lat' dir='ltr'>naturae</span> <span class='ocrx_word' id='word_1_41' title='bbox 234 853 309 896; x_wconf 89' lang='lat' dir='ltr'>suae</span> <span class='ocrx_word' id='word_1_42' title='bbox 342 833 421 896; x_wconf 88' lang='lat' dir='ltr'>uires</span> <span class='ocrx_word' id='word_1_43' title='bbox 453 833 573 908; x_wconf 86' lang='lat' dir='ltr'>conari,</span> <span class='ocrx_word' id='word_1_44' title='bbox 605 831 668 895; x_wconf 91' lang='lat' dir='ltr'>alta</span> <span class='ocrx_word' id='word_1_45' title='bbox 699 839 857 914; x_wconf 89' lang='lat' dir='ltr'>temptare</span> <span class='ocrx_word' id='word_1_46' title='bbox 888 843 920 896; x_wconf 91' lang='lat' dir='ltr'>et</span> <span class='ocrx_word' id='word_1_47' title='bbox 953 843 1060 896; x_wconf 91' lang='lat' dir='ltr'>mente</span> <span class='ocrx_word' id='word_1_48' title='bbox 1084 833 1203 896; x_wconf 88' lang='lat' dir='ltr'>maiora</span> <span class='ocrx_word' id='word_1_49' title='bbox 1225 853 1299 896; x_wconf 92' lang='lat' dir='ltr'>con-</span> 
     </span>
     <span class='ocr_line' id='line_1_6' title="bbox 5 939 1329 1024; baseline -0.002 -19"><span class='ocrx_word' id='word_1_50' title='bbox 5 953 6 956; x_wconf 76' lang='grc'>’</span> <span class='ocrx_word' id='word_1_51' title='bbox 89 943 193 1024; x_wconf 85' lang='lat' dir='ltr'>cipere,</span> <span class='ocrx_word' id='word_1_52' title='bbox 224 959 320 1022; x_wconf 89' lang='lat' dir='ltr'>quam</span> <span class='ocrx_word' id='word_1_53' title='bbox 352 959 433 1022; x_wconf 92' lang='lat' dir='ltr'>quae</span> <span class='ocrx_word' id='word_1_54' title='bbox 464 940 558 1004; x_wconf 86' lang='lat' dir='ltr'>etiam</span> <span class='ocrx_word' id='word_1_55' title='bbox 590 940 708 1020; x_wconf 88' lang='lat' dir='ltr'>ingenti</span> <span class='ocrx_word' id='word_1_56' title='bbox 739 942 845 1002; x_wconf 90' lang='lat' dir='ltr'>animo</span> <span class='ocrx_word' id='word_1_57' title='bbox 873 939 1033 1002; x_wconf 91' lang='lat' dir='ltr'>adornatis</span> <span class='ocrx_word' id='word_1_58' title='bbox 1057 939 1137 1002; x_wconf 84' lang='lat' dir='ltr'>effici</span> <span class='ocrx_word' id='word_1_59' title='bbox 1160 950 1329 1022; x_wconf 74' lang='lat' dir='ltr'>possuntt</span> 
     </span>
     <span class='ocr_line' id='line_1_7' title="bbox 62 1045 1302 1129; baseline -0.002 -17.088"><span class='ocrx_word' id='word_1_60' title='bbox 62 1049 131 1128; x_wconf 77' lang='lat' dir='ltr'>lqui</span> <span class='ocrx_word' id='word_1_61' title='bbox 156 1047 210 1110; x_wconf 91' lang='lat' dir='ltr'>sibi</span> <span class='ocrx_word' id='word_1_62' title='bbox 235 1047 299 1110; x_wconf 92' lang='lat' dir='ltr'>hoc</span> <span class='ocrx_word' id='word_1_63' title='bbox 321 1047 502 1128; x_wconf 86' lang='lat' dir='ltr'>proposuit:</span> <span class='ocrx_word' id='word_1_64' title='bbox 537 1066 600 1128; x_wconf 92' lang='lat' dir='ltr'>ego</span> <span class='ocrx_word' id='word_1_65' title='bbox 624 1056 762 1110; x_wconf 91' lang='lat' dir='ltr'>mortem</span> <span class='ocrx_word' id='word_1_66' title='bbox 786 1047 902 1109; x_wconf 88' lang='lat' dir='ltr'>eodem</span> <span class='ocrx_word' id='word_1_67' title='bbox 926 1045 1013 1109; x_wconf 94' lang='lat' dir='ltr'>uoltu</span> <span class='ocrx_word' id='word_1_68' title='bbox 1037 1047 1302 1129; x_wconf 84' lang='lat' dir='ltr'>comoediamque</span> 
     </span>
     <span class='ocr_line' id='line_1_8' title="bbox 5 1127 1383 1236; baseline 0.001 -21"><span class='ocrx_word' id='word_1_69' title='bbox 5 1127 7 1190; x_wconf 65' lang='lat' dir='ltr'>l</span> <span class='ocrx_word' id='word_1_70' title='bbox 89 1155 199 1218; x_wconf 91' lang='lat' dir='ltr'>uideb0.</span> <span class='ocrx_word' id='word_1_71' title='bbox 245 1171 309 1234; x_wconf 92' lang='lat' dir='ltr'>ego</span> <span class='ocrx_word' id='word_1_72' title='bbox 339 1153 515 1228; x_wconf 86' lang='lat' dir='ltr'>laboribus,</span> <span class='ocrx_word' id='word_1_73' title='bbox 554 1153 798 1235; x_wconf 85' lang='lat' dir='ltr'>quanticumque</span> <span class='ocrx_word' id='word_1_74' title='bbox 827 1153 868 1216; x_wconf 93' lang='lat' dir='ltr'>illi</span> <span class='ocrx_word' id='word_1_75' title='bbox 900 1163 1006 1236; x_wconf 85' lang='lat' dir='ltr'>erunt,</span> <span class='ocrx_word' id='word_1_76' title='bbox 1044 1154 1164 1235; x_wconf 88' lang='lat' dir='ltr'>parebo</span> <span class='ocrx_word' id='word_1_77' title='bbox 1196 1155 1302 1217; x_wconf 90' lang='lat' dir='ltr'>animo</span> <span class='ocrx_word' id='word_1_78' title='bbox 1373 1159 1383 1184; x_wconf 73' lang='lat'>⁵</span> 
     </span>
     <span class='ocr_line' id='line_1_9' title="bbox 5 1255 1300 1342; baseline 0.001 -20"><span class='ocrx_word' id='word_1_79' title='bbox 5 1255 6 1262; x_wconf 56' lang='lat'><em>&#39;</em></span> <span class='ocrx_word' id='word_1_80' title='bbox 88 1260 202 1323; x_wconf 80' lang='lat' dir='ltr'>fulciens</span> <span class='ocrx_word' id='word_1_81' title='bbox 226 1281 349 1342; x_wconf 86' lang='lat' dir='ltr'>corpus.</span> <span class='ocrx_word' id='word_1_82' title='bbox 382 1281 445 1342; x_wconf 88' lang='lat' dir='ltr'>ego</span> <span class='ocrx_word' id='word_1_83' title='bbox 469 1260 591 1323; x_wconf 88' lang='lat' dir='ltr'>diuitias</span> <span class='ocrx_word' id='word_1_84' title='bbox 615 1268 647 1322; x_wconf 91' lang='lat' dir='ltr'>et</span> <span class='ocrx_word' id='word_1_85' title='bbox 670 1268 852 1341; x_wconf 88' lang='lat' dir='ltr'>praesentes</span> <span class='ocrx_word' id='word_1_86' title='bbox 876 1269 908 1323; x_wconf 93' lang='lat' dir='ltr'>et</span> <span class='ocrx_word' id='word_1_87' title='bbox 931 1260 1079 1322; x_wconf 90' lang='lat' dir='ltr'>absentes</span> <span class='ocrx_word' id='word_1_88' title='bbox 1102 1281 1202 1342; x_wconf 89' lang='lat' dir='ltr'>aeque</span> <span class='ocrx_word' id='word_1_89' title='bbox 1226 1280 1300 1323; x_wconf 91' lang='lat' dir='ltr'>con-</span> 
     </span>
     <span class='ocr_line' id='line_1_10' title="bbox 88 1365 1301 1448; baseline 0.001 -20"><span class='ocrx_word' id='word_1_90' title='bbox 88 1375 224 1442; x_wconf 88' lang='lat' dir='ltr'>temnam,</span> <span class='ocrx_word' id='word_1_91' title='bbox 248 1387 306 1429; x_wconf 91' lang='lat' dir='ltr'>nec</span> <span class='ocrx_word' id='word_1_92' title='bbox 329 1368 354 1430; x_wconf 93' lang='lat' dir='ltr'>si</span> <span class='ocrx_word' id='word_1_93' title='bbox 378 1366 471 1429; x_wconf 92' lang='lat' dir='ltr'>aliubi</span> <span class='ocrx_word' id='word_1_94' title='bbox 494 1366 649 1442; x_wconf 84' lang='lat' dir='ltr'>iacebunt,</span> <span class='ocrx_word' id='word_1_95' title='bbox 672 1367 795 1441; x_wconf 86' lang='lat' dir='ltr'>tristior,</span> <span class='ocrx_word' id='word_1_96' title='bbox 819 1387 878 1429; x_wconf 89' lang='lat' dir='ltr'>nec</span> <span class='ocrx_word' id='word_1_97' title='bbox 901 1367 926 1428; x_wconf 93' lang='lat' dir='ltr'>si</span> <span class='ocrx_word' id='word_1_98' title='bbox 949 1367 1030 1430; x_wconf 90' lang='lat' dir='ltr'>circa</span> <span class='ocrx_word' id='word_1_99' title='bbox 1054 1387 1106 1429; x_wconf 92' lang='lat' dir='ltr'>me</span> <span class='ocrx_word' id='word_1_100' title='bbox 1128 1365 1301 1448; x_wconf 82' lang='lat' dir='ltr'>fulgebunt,</span> 
     </span>
     <span class='ocr_line' id='line_1_11' title="bbox 6 1467 1341 1556; baseline 0.001 -22"><span class='ocrx_word' id='word_1_101' title='bbox 6 1467 7 1488; x_wconf 58' lang='lat'><em>³</em></span> <span class='ocrx_word' id='word_1_102' title='bbox 88 1475 252 1538; x_wconf 88' lang='lat' dir='ltr'>animosior.</span> <span class='ocrx_word' id='word_1_103' title='bbox 299 1493 362 1556; x_wconf 93' lang='lat' dir='ltr'>ego</span> <span class='ocrx_word' id='word_1_104' title='bbox 385 1473 543 1537; x_wconf 77' lang='lat' dir='ltr'>fortunam</span> <span class='ocrx_word' id='word_1_105' title='bbox 567 1493 626 1536; x_wconf 90' lang='lat' dir='ltr'>nec</span> <span class='ocrx_word' id='word_1_106' title='bbox 649 1475 827 1536; x_wconf 89' lang='lat' dir='ltr'>uenientem</span> <span class='ocrx_word' id='word_1_107' title='bbox 851 1474 985 1536; x_wconf 90' lang='lat' dir='ltr'>sentiam</span> <span class='ocrx_word' id='word_1_108' title='bbox 1009 1493 1067 1536; x_wconf 92' lang='lat' dir='ltr'>nec</span> <span class='ocrx_word' id='word_1_109' title='bbox 1090 1475 1301 1537; x_wconf 89' lang='lat' dir='ltr'>recedentem.</span> <span class='ocrx_word' id='word_1_110' title='bbox 1319 1495 1341 1536; x_wconf 86' lang='lat' dir='ltr'>ro</span> 
     </span>
     <span class='ocr_line' id='line_1_12' title="bbox 5 1578 1302 1662; baseline 0.002 -21"><span class='ocrx_word' id='word_1_111' title='bbox 5 1607 7 1660; x_wconf 64' lang='lat'>3</span> <span class='ocrx_word' id='word_1_112' title='bbox 89 1599 140 1660; x_wconf 87' lang='lat' dir='ltr'>ego</span> <span class='ocrx_word' id='word_1_113' title='bbox 162 1587 259 1642; x_wconf 88' lang='lat' dir='ltr'>terras</span> <span class='ocrx_word' id='word_1_114' title='bbox 284 1600 395 1643; x_wconf 89' lang='lat' dir='ltr'>omnes</span> <span class='ocrx_word' id='word_1_115' title='bbox 418 1589 582 1662; x_wconf 87' lang='lat' dir='ltr'>tamquam</span> <span class='ocrx_word' id='word_1_116' title='bbox 607 1591 695 1642; x_wconf 86' lang='lat' dir='ltr'>meas</span> <span class='ocrx_word' id='word_1_117' title='bbox 719 1578 845 1654; x_wconf 89' lang='lat' dir='ltr'>uideb0,</span> <span class='ocrx_word' id='word_1_118' title='bbox 868 1599 956 1643; x_wconf 88' lang='lat' dir='ltr'>meas</span> <span class='ocrx_word' id='word_1_119' title='bbox 972 1588 1134 1661; x_wconf 88' lang='lat' dir='ltr'>tamquam</span> <span class='ocrx_word' id='word_1_120' title='bbox 1152 1582 1302 1644; x_wconf 92' lang='lat' dir='ltr'>omnium.</span> 
     </span>
     <span class='ocr_line' id='line_1_13' title="bbox 5 1685 1301 1774; baseline 0.003 -27"><span class='ocrx_word' id='word_1_121' title='bbox 5 1697 7 1774; x_wconf 58' lang='lat' dir='ltr'>t</span> <span class='ocrx_word' id='word_1_122' title='bbox 89 1705 140 1768; x_wconf 88' lang='lat' dir='ltr'>ego</span> <span class='ocrx_word' id='word_1_123' title='bbox 168 1689 211 1750; x_wconf 90' lang='lat' dir='ltr'>sic</span> <span class='ocrx_word' id='word_1_124' title='bbox 240 1689 345 1750; x_wconf 88' lang='lat' dir='ltr'>uiuam</span> <span class='ocrx_word' id='word_1_125' title='bbox 369 1687 456 1770; x_wconf 92' lang='lat' dir='ltr'>quasi</span> <span class='ocrx_word' id='word_1_126' title='bbox 480 1689 576 1750; x_wconf 88' lang='lat' dir='ltr'>sciam</span> <span class='ocrx_word' id='word_1_127' title='bbox 601 1685 666 1748; x_wconf 90' lang='lat' dir='ltr'>aliis</span> <span class='ocrx_word' id='word_1_128' title='bbox 689 1705 759 1749; x_wconf 89' lang='lat' dir='ltr'>esse</span> <span class='ocrx_word' id='word_1_129' title='bbox 783 1694 966 1750; x_wconf 82' lang='lat' dir='ltr'>menatum</span> <span class='ocrx_word' id='word_1_130' title='bbox 990 1696 1023 1750; x_wconf 89' lang='lat' dir='ltr'>et</span> <span class='ocrx_word' id='word_1_131' title='bbox 1045 1695 1175 1750; x_wconf 88' lang='lat' dir='ltr'>naturae</span> <span class='ocrx_word' id='word_1_132' title='bbox 1198 1707 1301 1751; x_wconf 90' lang='lat' dir='ltr'>rerum</span> 
     </span>
     <span class='ocr_line' id='line_1_14' title="bbox 6 1783 1301 1876; baseline 0.003 -22"><span class='ocrx_word' id='word_1_133' title='bbox 6 1783 7 1800; x_wconf 63' lang='lat'><em>²</em></span> <span class='ocrx_word' id='word_1_134' title='bbox 89 1792 140 1855; x_wconf 92' lang='lat' dir='ltr'>hoc</span> <span class='ocrx_word' id='word_1_135' title='bbox 174 1795 302 1857; x_wconf 90' lang='lat' dir='ltr'>nomine</span> <span class='ocrx_word' id='word_1_136' title='bbox 340 1797 457 1876; x_wconf 86' lang='lat' dir='ltr'>gratias</span> <span class='ocrx_word' id='word_1_137' title='bbox 488 1813 602 1875; x_wconf 87' lang='lat' dir='ltr'>agam:</span> <span class='ocrx_word' id='word_1_138' title='bbox 641 1813 705 1874; x_wconf 92' lang='lat' dir='ltr'>quo</span> <span class='ocrx_word' id='word_1_139' title='bbox 737 1793 819 1856; x_wconf 93' lang='lat' dir='ltr'>enim</span> <span class='ocrx_word' id='word_1_140' title='bbox 852 1793 963 1856; x_wconf 92' lang='lat' dir='ltr'>melius</span> <span class='ocrx_word' id='word_1_141' title='bbox 994 1813 1110 1875; x_wconf 89' lang='lat' dir='ltr'>genere</span> <span class='ocrx_word' id='word_1_142' title='bbox 1140 1795 1301 1873; x_wconf 86' lang='lat' dir='ltr'>negotium</span> 
     </span>
     <span class='ocr_line' id='line_1_15' title="bbox 6 1887 1302 1983; baseline 0.002 -21"><span class='ocrx_word' id='word_1_143' title='bbox 6 1899 7 1950; x_wconf 76' lang='lat' dir='ltr'>l</span> <span class='ocrx_word' id='word_1_144' title='bbox 90 1921 181 1963; x_wconf 89' lang='lat' dir='ltr'>meum</span> <span class='ocrx_word' id='word_1_145' title='bbox 204 1921 308 1983; x_wconf 81' lang='lat' dir='ltr'>agere</span> <span class='ocrx_word' id='word_1_146' title='bbox 331 1903 455 1982; x_wconf 85' lang='lat' dir='ltr'>potuit?</span> <span class='ocrx_word' id='word_1_147' title='bbox 487 1921 583 1962; x_wconf 92' lang='lat' dir='ltr'>unum</span> <span class='ocrx_word' id='word_1_148' title='bbox 607 1921 660 1963; x_wconf 91' lang='lat' dir='ltr'>me</span> <span class='ocrx_word' id='word_1_149' title='bbox 684 1900 814 1964; x_wconf 90' lang='lat' dir='ltr'>donauit</span> <span class='ocrx_word' id='word_1_150' title='bbox 837 1887 994 1976; x_wconf 90' lang='lat' dir='ltr'>omnibus,</span> <span class='ocrx_word' id='word_1_151' title='bbox 1017 1901 1069 1964; x_wconf 91' lang='lat' dir='ltr'>uni</span> <span class='ocrx_word' id='word_1_152' title='bbox 1093 1900 1168 1964; x_wconf 93' lang='lat' dir='ltr'>mihi</span> <span class='ocrx_word' id='word_1_153' title='bbox 1192 1903 1302 1965; x_wconf 92' lang='lat' dir='ltr'>omnis.</span> 
     </span>
    </p>

    <p class='ocr_par' dir='ltr' id='par_1_3' title="bbox 62 2007 1354 2517">
     <span class='ocr_line' id='line_1_16' title="bbox 62 2007 1341 2090; baseline 0.002 -22"><span class='ocrx_word' id='word_1_154' title='bbox 62 2017 73 2069; x_wconf 81' lang='lat' dir='ltr'>l</span> <span class='ocrx_word' id='word_1_155' title='bbox 90 2008 226 2090; x_wconf 91' lang='lat' dir='ltr'>quidquid</span> <span class='ocrx_word' id='word_1_156' title='bbox 243 2007 381 2084; x_wconf 90' lang='lat' dir='ltr'>habebo,</span> <span class='ocrx_word' id='word_1_157' title='bbox 403 2027 462 2071; x_wconf 91' lang='lat' dir='ltr'>nec</span> <span class='ocrx_word' id='word_1_158' title='bbox 478 2007 604 2070; x_wconf 90' lang='lat' dir='ltr'>sordide</span> <span class='ocrx_word' id='word_1_159' title='bbox 621 2009 799 2071; x_wconf 89' lang='lat' dir='ltr'>custodiam</span> <span class='ocrx_word' id='word_1_160' title='bbox 816 2027 875 2071; x_wconf 91' lang='lat' dir='ltr'>nec</span> <span class='ocrx_word' id='word_1_161' title='bbox 890 2008 1025 2090; x_wconf 87' lang='lat' dir='ltr'>prodige</span> <span class='ocrx_word' id='word_1_162' title='bbox 1040 2027 1197 2090; x_wconf 88' lang='lat' dir='ltr'>spargam.</span> <span class='ocrx_word' id='word_1_163' title='bbox 1229 2007 1302 2070; x_wconf 91' lang='lat' dir='ltr'>nihil</span> <span class='ocrx_word' id='word_1_164' title='bbox 1318 2029 1341 2070; x_wconf 85' lang='lat' dir='ltr'>n</span> 
     </span>
     <span class='ocr_line' id='line_1_17' title="bbox 89 2115 1303 2197; baseline 0.003 -23"><span class='ocrx_word' id='word_1_165' title='bbox 89 2117 175 2196; x_wconf 88' lang='lat' dir='ltr'>magis</span> <span class='ocrx_word' id='word_1_166' title='bbox 197 2116 362 2196; x_wconf 90' lang='lat' dir='ltr'>possidere</span> <span class='ocrx_word' id='word_1_167' title='bbox 385 2133 438 2177; x_wconf 91' lang='lat' dir='ltr'>me</span> <span class='ocrx_word' id='word_1_168' title='bbox 461 2116 590 2177; x_wconf 89' lang='lat' dir='ltr'>credam</span> <span class='ocrx_word' id='word_1_169' title='bbox 614 2134 710 2197; x_wconf 88' lang='lat' dir='ltr'>quam</span> <span class='ocrx_word' id='word_1_170' title='bbox 734 2115 816 2178; x_wconf 89' lang='lat' dir='ltr'>bene</span> <span class='ocrx_word' id='word_1_171' title='bbox 841 2115 967 2178; x_wconf 87' lang='lat' dir='ltr'>donata.</span> <span class='ocrx_word' id='word_1_172' title='bbox 1000 2135 1063 2177; x_wconf 95' lang='lat' dir='ltr'>non</span> <span class='ocrx_word' id='word_1_173' title='bbox 1087 2135 1220 2178; x_wconf 91' lang='lat' dir='ltr'>numero</span> <span class='ocrx_word' id='word_1_174' title='bbox 1244 2135 1303 2178; x_wconf 89' lang='lat' dir='ltr'>nec</span> 
     </span>
     <span class='ocr_line' id='line_1_18' title="bbox 88 2221 1301 2304; baseline 0.002 -21"><span class='ocrx_word' id='word_1_175' title='bbox 88 2224 215 2300; x_wconf 89' lang='lat' dir='ltr'>pondere</span> <span class='ocrx_word' id='word_1_176' title='bbox 238 2221 392 2284; x_wconf 89' lang='lat' dir='ltr'>beneficia</span> <span class='ocrx_word' id='word_1_177' title='bbox 414 2241 472 2284; x_wconf 89' lang='lat' dir='ltr'>nec</span> <span class='ocrx_word' id='word_1_178' title='bbox 497 2221 559 2284; x_wconf 93' lang='lat' dir='ltr'>ulla</span> <span class='ocrx_word' id='word_1_179' title='bbox 582 2223 638 2284; x_wconf 90' lang='lat' dir='ltr'>nisi</span> <span class='ocrx_word' id='word_1_180' title='bbox 662 2222 840 2303; x_wconf 89' lang='lat' dir='ltr'>accipientis</span> <span class='ocrx_word' id='word_1_181' title='bbox 863 2223 1082 2286; x_wconf 88' lang='lat' dir='ltr'>aestimatione</span> <span class='ocrx_word' id='word_1_182' title='bbox 1097 2222 1301 2304; x_wconf 90' lang='lat' dir='ltr'>perpendam.</span> 
     </span>
     <span class='ocr_line' id='line_1_19' title="bbox 88 2327 1300 2411; baseline 0.003 -23"><span class='ocrx_word' id='word_1_183' title='bbox 88 2347 244 2410; x_wconf 90' lang='lat' dir='ltr'>numquam</span> <span class='ocrx_word' id='word_1_184' title='bbox 269 2329 301 2391; x_wconf 94' lang='lat' dir='ltr'>id</span> <span class='ocrx_word' id='word_1_185' title='bbox 325 2327 400 2391; x_wconf 90' lang='lat' dir='ltr'>mihi</span> <span class='ocrx_word' id='word_1_186' title='bbox 424 2328 558 2391; x_wconf 93' lang='lat' dir='ltr'>multum</span> <span class='ocrx_word' id='word_1_187' title='bbox 582 2329 647 2404; x_wconf 89' lang='lat' dir='ltr'>erit,</span> <span class='ocrx_word' id='word_1_188' title='bbox 672 2330 759 2410; x_wconf 92' lang='lat' dir='ltr'>quod</span> <span class='ocrx_word' id='word_1_189' title='bbox 783 2330 896 2411; x_wconf 89' lang='lat' dir='ltr'>dignus</span> <span class='ocrx_word' id='word_1_190' title='bbox 920 2329 1059 2409; x_wconf 90' lang='lat' dir='ltr'>accipiet.</span> <span class='ocrx_word' id='word_1_191' title='bbox 1105 2328 1179 2392; x_wconf 91' lang='lat' dir='ltr'>nihil</span> <span class='ocrx_word' id='word_1_192' title='bbox 1203 2331 1300 2411; x_wconf 90' lang='lat' dir='ltr'>opini-</span> 
     </span>
     <span class='ocr_line' id='line_1_20' title="bbox 88 2434 1354 2517; baseline 0.003 -22"><span class='ocrx_word' id='word_1_193' title='bbox 88 2436 145 2497; x_wconf 91' lang='lat' dir='ltr'>onis</span> <span class='ocrx_word' id='word_1_194' title='bbox 167 2455 267 2512; x_wconf 89' lang='lat' dir='ltr'>causa,</span> <span class='ocrx_word' id='word_1_195' title='bbox 291 2436 399 2500; x_wconf 87' lang='lat' dir='ltr'>omnia</span> <span class='ocrx_word' id='word_1_196' title='bbox 421 2435 630 2499; x_wconf 91' lang='lat' dir='ltr'>conscientiae</span> <span class='ocrx_word' id='word_1_197' title='bbox 653 2434 775 2500; x_wconf 77' lang='lat' dir='ltr'>faciam.</span> <span class='ocrx_word' id='word_1_198' title='bbox 817 2435 937 2517; x_wconf 91' lang='lat' dir='ltr'>populo</span> <span class='ocrx_word' id='word_1_199' title='bbox 961 2445 1125 2517; x_wconf 88' lang='lat' dir='ltr'>spectante</span> <span class='ocrx_word' id='word_1_200' title='bbox 1148 2435 1212 2498; x_wconf 88' lang='lat' dir='ltr'>fieri</span> <span class='ocrx_word' id='word_1_201' title='bbox 1237 2457 1301 2499; x_wconf 91' lang='lat' dir='ltr'>cre·</span> <span class='ocrx_word' id='word_1_202' title='bbox 1352 2451 1354 2462; x_wconf 74' lang='lat'>¹</span> 
     </span>
    </p>
   </div>
   <div class='ocr_carea' id='block_1_3' title="bbox 89 2646 1303 2944">
    <p class='ocr_par' dir='ltr' id='par_1_4' title="bbox 89 2646 1303 2944">
     <span class='ocr_line' id='line_1_21' title="bbox 89 2646 1303 2730; baseline 0.005 -24"><span class='ocrx_word' id='word_1_203' title='bbox 89 2646 145 2720; x_wconf 84' lang='lat' dir='ltr'>linis</span> <span class='ocrx_word' id='word_1_204' title='bbox 167 2650 323 2712; x_wconf 88' lang='lat' dir='ltr'>desideria</span> <span class='ocrx_word' id='word_1_205' title='bbox 345 2657 474 2712; x_wconf 88' lang='lat' dir='ltr'>naturae</span> <span class='ocrx_word' id='word_1_206' title='bbox 498 2649 700 2730; x_wconf 88' lang='lat' dir='ltr'>restinguere,</span> <span class='ocrx_word' id='word_1_207' title='bbox 723 2669 787 2712; x_wconf 93' lang='lat' dir='ltr'>non</span> <span class='ocrx_word' id='word_1_208' title='bbox 810 2648 929 2730; x_wconf 89' lang='lat' dir='ltr'>inplere</span> <span class='ocrx_word' id='word_1_209' title='bbox 952 2649 1056 2712; x_wconf 94' lang='lat' dir='ltr'>aluum</span> <span class='ocrx_word' id='word_1_210' title='bbox 1082 2658 1113 2712; x_wconf 92' lang='lat' dir='ltr'>et</span> <span class='ocrx_word' id='word_1_211' title='bbox 1134 2651 1303 2712; x_wconf 87' lang='lat' dir='ltr'>exinanire.</span> 
     </span>
     <span class='ocr_line' id='line_1_22' title="bbox 90 2755 1301 2838; baseline 0.004 -25"><span class='ocrx_word' id='word_1_212' title='bbox 90 2772 135 2815; x_wconf 91' lang='lat' dir='ltr'>ero</span> <span class='ocrx_word' id='word_1_213' title='bbox 155 2757 260 2819; x_wconf 88' lang='lat' dir='ltr'>amicis</span> <span class='ocrx_word' id='word_1_214' title='bbox 283 2756 444 2830; x_wconf 92' lang='lat' dir='ltr'>iucundus,</span> <span class='ocrx_word' id='word_1_215' title='bbox 469 2756 598 2818; x_wconf 90' lang='lat' dir='ltr'>inimicis</span> <span class='ocrx_word' id='word_1_216' title='bbox 622 2757 705 2819; x_wconf 91' lang='lat' dir='ltr'>mitis</span> <span class='ocrx_word' id='word_1_217' title='bbox 729 2765 761 2818; x_wconf 90' lang='lat' dir='ltr'>et</span> <span class='ocrx_word' id='word_1_218' title='bbox 784 2755 888 2818; x_wconf 79' lang='lat' dir='ltr'>facilis</span> <span class='ocrx_word' id='word_1_219' title='bbox 935 2756 1107 2831; x_wconf 89' lang='lat' dir='ltr'>exorabor‚</span> <span class='ocrx_word' id='word_1_220' title='bbox 1133 2766 1301 2838; x_wconf 90' lang='lat' dir='ltr'>antequam</span> 
     </span>
     <span class='ocr_line' id='line_1_23' title="bbox 90 2862 1301 2944; baseline 0.005 -26"><span class='ocrx_word' id='word_1_221' title='bbox 90 2879 184 2941; x_wconf 90' lang='lat' dir='ltr'>roger,</span> <span class='ocrx_word' id='word_1_222' title='bbox 211 2862 355 2926; x_wconf 89' lang='lat' dir='ltr'>honestis</span> <span class='ocrx_word' id='word_1_223' title='bbox 379 2862 524 2944; x_wconf 91' lang='lat' dir='ltr'>precibus</span> <span class='ocrx_word' id='word_1_224' title='bbox 547 2882 719 2926; x_wconf 88' lang='lat' dir='ltr'>occurram.</span> <span class='ocrx_word' id='word_1_225' title='bbox 767 2864 901 2944; x_wconf 87' lang='lat' dir='ltr'>patriam</span> <span class='ocrx_word' id='word_1_226' title='bbox 926 2883 1031 2926; x_wconf 90' lang='lat' dir='ltr'>meam</span> <span class='ocrx_word' id='word_1_227' title='bbox 1055 2883 1124 2926; x_wconf 89' lang='lat' dir='ltr'>esse</span> <span class='ocrx_word' id='word_1_228' title='bbox 1147 2863 1301 2924; x_wconf 93' lang='lat' dir='ltr'>mundum</span> 
     </span>
    </p>
   </div>
   <div class='ocr_carea' id='block_1_4' title="bbox 98 3003 282 3014">
    <p class='ocr_par' dir='ltr' id='par_1_5' title="bbox 98 3003 282 3014">
     <span class='ocr_line' id='line_1_24' title="bbox 98 3003 282 3014; baseline 0.022 -4"><span class='ocrx_word' id='word_1_229' title='bbox 98 3003 282 3014; x_wconf 47' lang='grc' dir='ltr'>-ῃ-ω--ο-</span> 
     </span>
    </p>
   </div>
   <div class='ocr_carea' id='block_1_5' title="bbox 90 3051 1300 3162">
    <p class='ocr_par' dir='ltr' id='par_1_6' title="bbox 90 3051 1300 3162">
     <span class='ocr_line' id='line_1_25' title="bbox 90 3051 1300 3162; baseline 0.002 -23"><span class='ocrx_word' id='word_1_230' title='bbox 90 3089 240 3143; x_wconf 84' lang='lat' dir='ltr'>lescendunt</span> <span class='ocrx_word' id='word_1_231' title='bbox 261 3091 300 3156; x_wconf 78' lang='lat' dir='ltr'>(in</span> <span class='ocrx_word' id='word_1_232' title='bbox 319 3107 406 3162; x_wconf 74' lang='lat' dir='ltr'>marq.</span> <span class='ocrx_word' id='word_1_233' title='bbox 425 3105 459 3145; x_wconf 84' lang='lat' dir='ltr'>m.</span> <span class='ocrx_word' id='word_1_234' title='bbox 480 3095 532 3148; x_wconf 75' lang='lat' dir='ltr'>lc.</span> <span class='ocrx_word' id='word_1_235' title='bbox 552 3093 696 3159; x_wconf 86' lang='lat' dir='ltr'>ascendunt)</span> <span class='ocrx_word' id='word_1_236' title='bbox 788 3091 933 3158; x_wconf 70' lang='lat' dir='ltr'>Qaggressi</span> <span class='ocrx_word' id='word_1_237' title='bbox 1023 3051 1116 3162; x_wconf 67' lang='lat' dir='ltr'>luitis</span> <span class='ocrx_word' id='word_1_238' title='bbox 1208 3093 1300 3156; x_wconf 79' lang='lat' dir='ltr'>conari,</span> 
     </span>
    </p>
   </div>
   <div class='ocr_carea' id='block_1_6' title="bbox 89 3178 1193 3252">
    <p class='ocr_par' dir='ltr' id='par_1_7' title="bbox 89 3178 1193 3252">
     <span class='ocr_line' id='line_1_26' title="bbox 89 3178 1193 3252; baseline 0.008 -26"><span class='ocrx_word' id='word_1_239' title='bbox 89 3179 130 3228; x_wconf 83' lang='lat' dir='ltr'>alta</span> <span class='ocrx_word' id='word_1_240' title='bbox 150 3187 267 3247; x_wconf 84' lang='lat' dir='ltr'>temptare</span> <span class='ocrx_word' id='word_1_241' title='bbox 288 3178 385 3235; x_wconf 73' lang='lat' dir='ltr'>Gertz:</span> <span class='ocrx_word' id='word_1_242' title='bbox 413 3183 498 3232; x_wconf 85' lang='lat' dir='ltr'>conari</span> <span class='ocrx_word' id='word_1_243' title='bbox 518 3179 586 3242; x_wconf 52' lang='lat' dir='ltr'>altas</span> <span class='ocrx_word' id='word_1_244' title='bbox 599 3187 719 3248; x_wconf 80' lang='lat' dir='ltr'>temptare</span> <span class='ocrx_word' id='word_1_245' title='bbox 738 3180 821 3252; x_wconf 60' lang='lat' dir='ltr'>uulgm</span> <span class='ocrx_word' id='word_1_246' title='bbox 947 3189 1026 3232; x_wconf 86' lang='lat' dir='ltr'>mente</span> <span class='ocrx_word' id='word_1_247' title='bbox 1046 3182 1081 3247; x_wconf 91' lang='lat' dir='ltr'>(m</span> <span class='ocrx_word' id='word_1_248' title='bbox 1101 3183 1193 3246; x_wconf 68' lang='lat' dir='ltr'>masa)</span> 
     </span>
    </p>
   </div>
   <div class='ocr_carea' id='block_1_7' title="bbox 89 3282 1301 3378">
    <p class='ocr_par' dir='ltr' id='par_1_8' title="bbox 89 3282 1301 3378">
     <span class='ocr_line' id='line_1_27' title="bbox 89 3282 1301 3378; baseline 0.003 -26"><span class='ocrx_word' id='word_1_249' title='bbox 89 3300 229 3372; x_wconf 75' lang='lat' dir='ltr'>bquamque</span> <span class='ocrx_word' id='word_1_250' title='bbox 321 3305 336 3358; x_wconf 88' lang='grc'><strong>6</strong></span> <span class='ocrx_word' id='word_1_251' title='bbox 361 3282 429 3370; x_wconf 71' lang='lat' dir='ltr'>ullltu</span> <span class='ocrx_word' id='word_1_252' title='bbox 543 3306 750 3372; x_wconf 82' lang='lat' dir='ltr'>comoediamque</span> <span class='ocrx_word' id='word_1_253' title='bbox 773 3301 897 3378; x_wconf 66' lang='lat' dir='ltr'>Madvig,</span> <span class='ocrx_word' id='word_1_254' title='bbox 925 3303 1021 3360; x_wconf 76' lang='lat' dir='ltr'>Gertz:</span> <span class='ocrx_word' id='word_1_255' title='bbox 1048 3321 1104 3357; x_wconf 89' lang='lat' dir='ltr'>cum</span> <span class='ocrx_word' id='word_1_256' title='bbox 1129 3307 1228 3357; x_wconf 85' lang='lat' dir='ltr'>audiam</span> <span class='ocrx_word' id='word_1_257' title='bbox 1253 3321 1301 3372; x_wconf 91' lang='lat' dir='ltr'>quo</span> 
     </span>
    </p>
   </div>
   <div class='ocr_carea' id='block_1_8' title="bbox 159 3410 1232 3537">
    <p class='ocr_par' dir='ltr' id='par_1_9' title="bbox 159 3410 1232 3537">
     <span class='ocr_line' id='line_1_28' title="bbox 159 3410 1232 3537; baseline -0.002 -19"><span class='ocrx_word' id='word_1_258' title='bbox 159 3464 174 3518; x_wconf 87' lang='lat'>8</span> <span class='ocrx_word' id='word_1_259' title='bbox 193 3410 481 3537; x_wconf 54' lang='lat' dir='ltr'>presentlsesnuprascr.</span> <span class='ocrx_word' id='word_1_260' title='bbox 496 3481 529 3520; x_wconf 86' lang='lat' dir='ltr'>m.</span> <span class='ocrx_word' id='word_1_261' title='bbox 544 3465 610 3534; x_wconf 81' lang='lat' dir='ltr'>rec.)</span> <span class='ocrx_word' id='word_1_262' title='bbox 695 3467 710 3520; x_wconf 74' lang='lat' dir='ltr'>il</span> <span class='ocrx_word' id='word_1_263' title='bbox 730 3467 805 3518; x_wconf 85' lang='lat' dir='ltr'>aliubi</span> <span class='ocrx_word' id='word_1_264' title='bbox 822 3465 846 3520; x_wconf 89' lang='grc' dir='ltr'><em>Τ</em></span> <span class='ocrx_word' id='word_1_265' title='bbox 843 3467 944 3522; x_wconf 57' lang='lat' dir='ltr'>aruis:</span> <span class='ocrx_word' id='word_1_266' title='bbox 967 3468 1057 3518; x_wconf 85' lang='lat' dir='ltr'>alicubi</span> <span class='ocrx_word' id='word_1_267' title='bbox 1142 3467 1232 3532; x_wconf 70' lang='lat' dir='ltr'>tristior</span> 
     </span>
    </p>
   </div>
   <div class='ocr_carea' id='block_1_9' title="bbox 92 3566 1301 3662">
    <p class='ocr_par' dir='ltr' id='par_1_10' title="bbox 92 3566 1301 3662">
     <span class='ocr_line' id='line_1_29' title="bbox 92 3566 1301 3662; baseline 0.006 -25"><span class='ocrx_word' id='word_1_268' title='bbox 92 3585 116 3640; x_wconf 85' lang='grc'>10</span> <span class='ocrx_word' id='word_1_269' title='bbox 132 3591 261 3642; x_wconf 85' lang='lat' dir='ltr'>animosior</span> <span class='ocrx_word' id='word_1_270' title='bbox 280 3587 421 3644; x_wconf 78' lang='lat' dir='ltr'>Muretusr</span> <span class='ocrx_word' id='word_1_271' title='bbox 450 3566 648 3654; x_wconf 67' lang='lat' dir='ltr'>animo&#39;curlin</span> <span class='ocrx_word' id='word_1_272' title='bbox 669 3591 842 3662; x_wconf 69' lang='lat' dir='ltr'>marginem.</span> <span class='ocrx_word' id='word_1_273' title='bbox 863 3606 917 3646; x_wconf 83' lang='lat' dir='ltr'>rec.</span> <span class='ocrx_word' id='word_1_274' title='bbox 937 3592 1052 3658; x_wconf 81' lang='lat' dir='ltr'>animior)</span> <span class='ocrx_word' id='word_1_275' title='bbox 1109 3635 1112 3642; x_wconf 89' lang='lat'>.</span> <span class='ocrx_word' id='word_1_276' title='bbox 1143 3593 1244 3642; x_wconf 67' lang='lat' dir='ltr'>sentiris</span> <span class='ocrx_word' id='word_1_277' title='bbox 1264 3591 1301 3657; x_wconf 80' lang='lat' dir='ltr'>(in</span> 
     </span>
    </p>
   </div>
   <div class='ocr_carea' id='block_1_10' title="bbox 89 3677 1300 3747">
    <p class='ocr_par' dir='ltr' id='par_1_11' title="bbox 89 3677 1300 3747">
     <span class='ocr_line' id='line_1_30' title="bbox 89 3677 1300 3747; baseline 0.003 -19"><span class='ocrx_word' id='word_1_278' title='bbox 89 3690 133 3730; x_wconf 79' lang='lat' dir='ltr'>ras.</span> <span class='ocrx_word' id='word_1_279' title='bbox 157 3677 264 3734; x_wconf 76' lang='lat' dir='ltr'>uidetur</span> <span class='ocrx_word' id='word_1_280' title='bbox 283 3697 307 3729; x_wconf 91' lang='lat' dir='ltr'>m</span> <span class='ocrx_word' id='word_1_281' title='bbox 324 3677 425 3747; x_wconf 79' lang='lat' dir='ltr'>fuisse)</span> <span class='ocrx_word' id='word_1_282' title='bbox 537 3681 566 3732; x_wconf 87' lang='grc'>11</span> <span class='ocrx_word' id='word_1_283' title='bbox 593 3682 673 3730; x_wconf 87' lang='lat' dir='ltr'>omnis</span> <span class='ocrx_word' id='word_1_284' title='bbox 778 3681 810 3734; x_wconf 89' lang='grc'>12</span> <span class='ocrx_word' id='word_1_285' title='bbox 836 3678 1300 3737; x_wconf 84' lang='lat' dir='ltr'>essemenatumcod.n1enatum</span> 
     </span>
    </p>
   </div>
   <div class='ocr_carea' id='block_1_11' title="bbox 90 3766 1301 3893">
    <p class='ocr_par' dir='ltr' id='par_1_12' title="bbox 90 3766 1301 3893">
     <span class='ocr_line' id='line_1_31' title="bbox 338 3766 662 3809; baseline 0.003 -34"><span class='ocrx_word' id='word_1_286' title='bbox 338 3779 348 3802; x_wconf 27' lang='grc' dir='ltr'>κ</span> <span class='ocrx_word' id='word_1_287' title='bbox 563 3796 568 3809; x_wconf 33' lang='lat'><strong>¹</strong></span> <span class='ocrx_word' id='word_1_288' title='bbox 658 3766 662 3776; x_wconf 92' lang='lat'><em>.</em></span> 
     </span>
     <span class='ocr_line' id='line_1_32' title="bbox 90 3766 1301 3893; baseline 0.007 -27"><span class='ocrx_word' id='word_1_289' title='bbox 90 3815 157 3888; x_wconf 62' lang='lat' dir='ltr'>ringo</span> <span class='ocrx_word' id='word_1_290' title='bbox 246 3819 276 3872; x_wconf 79' lang='grc'>14</span> <span class='ocrx_word' id='word_1_291' title='bbox 299 3822 400 3872; x_wconf 79' lang='lat' dir='ltr'>donauit</span> <span class='ocrx_word' id='word_1_292' title='bbox 414 3807 516 3892; x_wconf 61' lang='lat' dir='ltr'>clean:</span> <span class='ocrx_word' id='word_1_293' title='bbox 539 3766 674 3872; x_wconf 62' lang='lat' dir='ltr'>‹loriilliil</span> <span class='ocrx_word' id='word_1_294' title='bbox 695 3821 732 3888; x_wconf 82' lang='lat' dir='ltr'>(iu</span> <span class='ocrx_word' id='word_1_295' title='bbox 751 3837 838 3893; x_wconf 75' lang='lat' dir='ltr'>marq.</span> <span class='ocrx_word' id='word_1_296' title='bbox 859 3819 953 3876; x_wconf 83' lang='lat' dir='ltr'>eudem</span> <span class='ocrx_word' id='word_1_297' title='bbox 972 3837 1053 3875; x_wconf 81' lang='lat' dir='ltr'>runnu</span> <span class='ocrx_word' id='word_1_298' title='bbox 1073 3825 1097 3885; x_wconf 79' lang='lat'>4,</span> <span class='ocrx_word' id='word_1_299' title='bbox 1117 3837 1186 3891; x_wconf 82' lang='lat' dir='ltr'>quae</span> <span class='ocrx_word' id='word_1_300' title='bbox 1203 3837 1301 3892; x_wconf 82' lang='lat' dir='ltr'>supro·</span> 
     </span>
    </p>
   </div>
   <div class='ocr_carea' id='block_1_12' title="bbox 90 3909 1195 4030">
    <p class='ocr_par' dir='ltr' id='par_1_13' title="bbox 90 3909 1195 4030">
     <span class='ocr_line' id='line_1_33' title="bbox 90 3909 1195 4030; baseline 0.005 -22"><span class='ocrx_word' id='word_1_301' title='bbox 90 3959 192 4030; x_wconf 75' lang='lat' dir='ltr'>scrtpst&#39;l,</span> <span class='ocrx_word' id='word_1_302' title='bbox 210 3960 336 4017; x_wconf 74' lang='lat' dir='ltr'>iteratum</span> <span class='ocrx_word' id='word_1_303' title='bbox 355 3981 376 4014; x_wconf 92' lang='lat' dir='ltr'>c.</span> <span class='ocrx_word' id='word_1_304' title='bbox 397 3943 552 4028; x_wconf 64' lang='lat' dir='ltr'>donauit)⁴</span> <span class='ocrx_word' id='word_1_305' title='bbox 635 3965 712 4014; x_wconf 91' lang='lat' dir='ltr'>michi</span> <span class='ocrx_word' id='word_1_306' title='bbox 732 3923 812 4014; x_wconf 75' lang='lat' dir='ltr'>omnis</span> <span class='ocrx_word' id='word_1_307' title='bbox 922 3963 954 4018; x_wconf 80' lang='lat'>15</span> <span class='ocrx_word' id='word_1_308' title='bbox 980 3965 1094 4030; x_wconf 89' lang='lat' dir='ltr'>quicquid</span> <span class='ocrx_word' id='word_1_309' title='bbox 1112 3909 1195 4016; x_wconf 62' lang='lat' dir='ltr'>habelo</span> 
     </span>
    </p>
   </div>
   <div class='ocr_carea' id='block_1_13' title="bbox 92 4048 1301 4123">
    <p class='ocr_par' dir='ltr' id='par_1_14' title="bbox 92 4048 1301 4123">
     <span class='ocr_line' id='line_1_34' title="bbox 92 4048 1301 4123; baseline 0.001 -23"><span class='ocrx_word' id='word_1_310' title='bbox 92 4063 190 4114; x_wconf 81' lang='lat' dir='ltr'>spargam</span> <span class='ocrx_word' id='word_1_311' title='bbox 211 4055 231 4118; x_wconf 86' lang='lat' dir='ltr'>(s</span> <span class='ocrx_word' id='word_1_312' title='bbox 250 4048 354 4114; x_wconf 81' lang='lat' dir='ltr'>addito,</span> <span class='ocrx_word' id='word_1_313' title='bbox 374 4069 391 4117; x_wconf 84' lang='lat' dir='ltr'>g</span> <span class='ocrx_word' id='word_1_314' title='bbox 410 4067 449 4106; x_wconf 78' lang='lat' dir='ltr'>cx</span> <span class='ocrx_word' id='word_1_315' title='bbox 468 4069 480 4102; x_wconf 93' lang='lat' dir='ltr'>c</span> <span class='ocrx_word' id='word_1_316' title='bbox 500 4054 585 4118; x_wconf 86' lang='lat' dir='ltr'>corr.)</span> <span class='ocrx_word' id='word_1_317' title='bbox 677 4052 710 4106; x_wconf 80' lang='lat'>17</span> <span class='ocrx_word' id='word_1_318' title='bbox 730 4055 838 4119; x_wconf 84' lang='lat' dir='ltr'>pondere</span> <span class='ocrx_word' id='word_1_319' title='bbox 858 4053 896 4119; x_wconf 79' lang='lat' dir='ltr'>(in</span> <span class='ocrx_word' id='word_1_320' title='bbox 915 4053 1039 4123; x_wconf 68' lang='lat' dir='ltr'>margine</span> <span class='ocrx_word' id='word_1_321' title='bbox 1057 4069 1090 4108; x_wconf 90' lang='lat' dir='ltr'>m.</span> <span class='ocrx_word' id='word_1_322' title='bbox 1110 4056 1162 4107; x_wconf 80' lang='lat' dir='ltr'>lc.</span> <span class='ocrx_word' id='word_1_323' title='bbox 1178 4053 1301 4120; x_wconf 83' lang='lat' dir='ltr'>pondero)</span> 
     </span>
    </p>
   </div>
   <div class='ocr_carea' id='block_1_14' title="bbox 166 4148 1299 4284">
    <p class='ocr_par' dir='ltr' id='par_1_15' title="bbox 166 4148 1299 4284">
     <span class='ocr_line' id='line_1_35' title="bbox 166 4148 1299 4284; baseline 0.004 -24"><span class='ocrx_word' id='word_1_324' title='bbox 166 4212 316 4262; x_wconf 85' lang='lat' dir='ltr'>estimatione</span> <span class='ocrx_word' id='word_1_325' title='bbox 426 4209 459 4264; x_wconf 88' lang='grc'>18</span> <span class='ocrx_word' id='word_1_326' title='bbox 477 4148 610 4278; x_wconf 61' lang='lat' dir='ltr'>niicnlqlo</span> <span class='ocrx_word' id='word_1_327' title='bbox 629 4212 666 4278; x_wconf 81' lang='lat' dir='ltr'>(in</span> <span class='ocrx_word' id='word_1_328' title='bbox 686 4227 771 4284; x_wconf 66' lang='lat' dir='ltr'>marg.</span> <span class='ocrx_word' id='word_1_329' title='bbox 791 4227 825 4265; x_wconf 85' lang='lat' dir='ltr'>m.</span> <span class='ocrx_word' id='word_1_330' title='bbox 845 4216 860 4265; x_wconf 80' lang='lat'>4</span> <span class='ocrx_word' id='word_1_331' title='bbox 880 4227 902 4268; x_wconf 82' lang='lat' dir='ltr'>c.</span> <span class='ocrx_word' id='word_1_332' title='bbox 916 4213 988 4279; x_wconf 66' lang='lat' dir='ltr'>nllus)</span> <span class='ocrx_word' id='word_1_333' title='bbox 1098 4211 1131 4266; x_wconf 79' lang='lat'>19</span> <span class='ocrx_word' id='word_1_334' title='bbox 1150 4219 1299 4279; x_wconf 70' lang='lat' dir='ltr'>spectantes</span> 
     </span>
    </p>
   </div>
   <div class='ocr_carea' id='block_1_15' title="bbox 92 4298 1301 4543">
    <p class='ocr_par' dir='ltr' id='par_1_16' title="bbox 92 4298 1301 4543">
     <span class='ocr_line' id='line_1_36' title="bbox 165 4298 1301 4367; baseline 0 -16"><span class='ocrx_word' id='word_1_335' title='bbox 165 4299 197 4353; x_wconf 92' lang='grc'>20</span> <span class='ocrx_word' id='word_1_336' title='bbox 214 4301 331 4366; x_wconf 89' lang='lat' dir='ltr'>quicquid</span> <span class='ocrx_word' id='word_1_337' title='bbox 420 4299 452 4354; x_wconf 87' lang='lat'>21</span> <span class='ocrx_word' id='word_1_338' title='bbox 469 4304 618 4367; x_wconf 79' lang='lat' dir='ltr'>restinguere</span> <span class='ocrx_word' id='word_1_339' title='bbox 708 4303 790 4354; x_wconf 67' lang='lat' dir='ltr'>aluus</span> <span class='ocrx_word' id='word_1_340' title='bbox 880 4301 914 4355; x_wconf 82' lang='lat'>22</span> <span class='ocrx_word' id='word_1_341' title='bbox 934 4319 976 4352; x_wconf 91' lang='lat' dir='ltr'>ero</span> <span class='ocrx_word' id='word_1_342' title='bbox 990 4301 1092 4355; x_wconf 79' lang='lat' dir='ltr'>amicus</span> <span class='ocrx_word' id='word_1_343' title='bbox 1107 4298 1231 4355; x_wconf 78' lang='lat' dir='ltr'>Gruteri:</span> <span class='ocrx_word' id='word_1_344' title='bbox 1253 4319 1301 4367; x_wconf 87' lang='lat' dir='ltr'>ego</span> 
     </span>
     <span class='ocr_line' id='line_1_37' title="bbox 166 4385 1300 4461; baseline 0.004 -23"><span class='ocrx_word' id='word_1_345' title='bbox 166 4385 198 4440; x_wconf 88' lang='grc'>22</span> <span class='ocrx_word' id='word_1_346' title='bbox 222 4391 341 4440; x_wconf 85' lang='lat' dir='ltr'>iucundus</span> <span class='ocrx_word' id='word_1_347' title='bbox 360 4390 386 4455; x_wconf 87' lang='lat' dir='ltr'>(o</span> <span class='ocrx_word' id='word_1_348' title='bbox 406 4390 489 4456; x_wconf 83' lang='lat' dir='ltr'>corr.)</span> <span class='ocrx_word' id='word_1_349' title='bbox 588 4395 652 4460; x_wconf 79' lang='lat' dir='ltr'>post</span> <span class='ocrx_word' id='word_1_350' title='bbox 669 4392 792 4440; x_wconf 81' lang='lat' dir='ltr'>exorabor</span> <span class='ocrx_word' id='word_1_351' title='bbox 811 4405 916 4444; x_wconf 82' lang='lat' dir='ltr'>comma</span> <span class='ocrx_word' id='word_1_352' title='bbox 932 4392 1026 4461; x_wconf 80' lang='lat' dir='ltr'>posuit</span> <span class='ocrx_word' id='word_1_353' title='bbox 1046 4388 1142 4444; x_wconf 78' lang='lat' dir='ltr'>Gertz:</span> <span class='ocrx_word' id='word_1_354' title='bbox 1170 4393 1300 4444; x_wconf 82' lang='lat' dir='ltr'>exorabor.</span> 
     </span>
     <span class='ocr_line' id='line_1_38' title="bbox 92 4471 375 4543; baseline 0 -19"><span class='ocrx_word' id='word_1_355' title='bbox 92 4471 141 4527; x_wconf 75' lang='lat' dir='ltr'>cod.</span> <span class='ocrx_word' id='word_1_356' title='bbox 224 4477 257 4531; x_wconf 81' lang='lat'>23</span> <span class='ocrx_word' id='word_1_357' title='bbox 277 4493 375 4543; x_wconf 65' lang='lat' dir='ltr'>rogere</span> 
     </span>
    </p>
   </div>
   <div class='ocr_carea' id='block_1_16' title="bbox 0 0 1598 5318">
    <p class='ocr_par' dir='ltr' id='par_1_17' title="bbox 0 0 1598 5318">
     <span class='ocr_line' id='line_1_39' title="bbox 0 0 1598 5318; baseline 0 0"><span class='ocrx_word' id='word_1_358' title='bbox 0 0 1598 5318; x_wconf 95' lang='lat' dir='ltr'> </span> 
     </span>
    </p>
   </div>
  </div>
 </body>
</html>
