3212 5326
282 365 322 428 68
647 356 726 398 DIAL.
743 355 780 400 IV.
809 358 850 398 DE
864 357 917 398 IRA
931 357 986 401 LIB.
1003 357 1032 401 II.
1064 358 1149 400 lb-l'l.

280 504 403 586 ingenii,
427 503 484 566 sed
508 502 563 565 feri
587 511 619 566 et
642 503 846 566 intractabilis
869 502 997 566 habent.
1036 523 1132 566 nemo
1153 511 1259 566 autern
1276 521 1388 583 regere
1404 509 1507 584 potest

282 613 339 674 nisi
363 611 417 692 qui
440 620 472 699 et
495 611 569 690 regi.
617 608 681 672 fere
704 611 812 690 itaque
830 611 964 692 imperia
987 629 1084 691 penes
1107 629 1164 672 eos
1186 608 1273 672 fuere
1288 606 1435 690 populos
1459 608 1532 688 quit

206 744 209 752 ·
282 719 406 780 mitiore
443 712 532 778 caelo
567 724 703 779 utuntur.
756 716 787 776 in
818 715 935 796 frigora
965 717 1277 796 septentrionemque
1307 713 1507 795 uergentibus

280 824 477 886 inmansueta
499 823 626 902 ingenia
649 829 730 896 sunt,
753 830 788 882 ut
810 823 853 884 ait
876 829 981 904 poeta,

706 949 811 1006 suoque
831 931 977 988 simillima
1000 931 1086 989 caelo.

370 1035 458 1098 XVI.
489 1032 663 1109 Animalia,
695 1033 810 1116 inquit,
833 1035 1076 1116 generosissima
1099 1033 1271 1108 habentur,
1294 1033 1408 1114 quibus
1432 1031 1531 1096 mul-l

281 1151 350 1204 turn
373 1143 454 1204 inest
476 1143 548 1204 irae.
587 1148 669 1202 errat
692 1141 745 1222 qui
767 1161 805 1202 ea
829 1141 860 1202 in
876 1140 1059 1222 exemplum
1080 1140 1216 1204 hominis
1236 1140 1374 1215 adducit,
1398 1139 1507 1221 quibus

281 1269 340 1330 pro
364 1248 486 1310 ratione
509 1255 557 1309 est
580 1249 721 1330 inpetus:
755 1245 874 1308 hommi
905 1267 964 1328 pro
986 1245 1095 1328 inpetu
1117 1249 1197 1309 ratio
1213 1255 1271 1311 est.
1316 1247 1375 1309 sed
1398 1267 1439 1308 ne
1455 1245 1506 1309 illis

281 1355 410 1436 quidem
442 1354 589 1416 omnibus
620 1354 704 1416 idem
734 1354 881 1435 prodest:
922 1353 1083 1416 iracundia
1105 1351 1213 1416 leones
1237 1354 1378 1428 adiuuat,
1411 1373 1506 1439 pauor

243 1483 266 1524 ro
281 1481 406 1536 ceruoS,
437 1462 617 1541 accipitrem
648 1461 786 1541 inpetus,
815 1459 998 1522 columbam
1026 1459 1109 1540 fuga.
1155 1461 1240 1540 quid,
1263 1451 1351 1541 quod
1374 1480 1415 1520 ne
1438 1457 1533 1520 illud2

281 1567 409 1648 quidem
426 1586 536 1628 uerum
553 1573 610 1640 est,
627 1566 749 1647 optima
763 1564 909 1628 animalia
925 1585 994 1628 esse
1011 1565 1263 1628 iracundissima?
1293 1564 1377 1628 feras
1391 1575 1505 1647 putem,

281 1672 393 1754 quibus
417 1693 459 1734 ex
483 1681 574 1753 raptu
597 1671 747 1734 alimenta
769 1680 849 1746 sunt,
873 1669 1018 1734 meliores
1041 1693 1106 1754 quo
1129 1673 1279 1734 iratiores.
1325 1673 1505 1753 patientiam

280 1777 472 1840 laudauerim
496 1777 595 1840 boum
618 1785 651 1839 et
674 1798 827 1858 equorum
851 1776 957 1839 frenos
980 1779 1187 1859 sequentium.
1232 1778 1308 1859 quid
1331 1787 1381 1840 est
1405 1787 1505 1840 autem

281 1905 336 1946 cur
373 1883 536 1946 hominem
575 1884 616 1946 ad
655 1892 721 1945 tarn
759 1881 891 1946 infelicia
922 1883 1073 1965 exempla
1102 1904 1248 1959 reuoces,
1287 1905 1359 1946 curn
1391 1883 1505 1946 habeas

242 2015 266 2054 ιε,
282 1992 435 2052 mundum
460 1992 626 2071 deumque,
650 2010 746 2072 quem
770 2011 812 2052 ex
836 1991 983 2053 omnibus
1007 1989 1192 2052 animalibus
1208 2000 1243 2053 ut
1262 1988 1348 2052 solus
1364 1991 1504 2064 imitetur,

280 2097 365 2159 solus
395 2095 566 2178 intellegit?
597 2095 832 2179 simplicissimi,
861 2098 976 2180 inquit,
1009 2098 1150 2159 omnium
1174 2097 1331 2172 habentur
1361 2096 1532 2160 iracundi3

281 2201 484 2266 fraudulentis
519 2203 602 2264 enim
639 2211 671 2264 et
702 2204 835 2264 uersutis
866 2211 1078 2286 conparantur
1108 2212 1140 2264 et
1169 2203 1328 2285 simplices
1356 2204 1503 2276 uidentur,

281 2311 353 2392 quia
384 2309 522 2391 expositi
552 2316 633 2371 sunt.
678 2328 759 2391 quos
782 2309 911 2390 quidem
935 2329 1000 2370 non
1023 2308 1180 2390 simplices
1204 2310 1353 2384 dixerim,
1385 2310 1443 2371 sed
1464 2310 1502 2370 in-

281 2425 401 2478 cautos
447 2413 559 2491 stultis,
592 2414 758 2477 luxuriosis
790 2416 1022 2496 nepotibusque
1050 2414 1112 2478 hoc
1135 2435 1252 2478 nornen
1276 2416 1455 2497 inponimus
1476 2423 1504 2477 et

241 2521 429 2585 nomnibus
453 2521 533 2582 uitiis
556 2541 667 2602 parum
691 2519 818 2585 callidis

370 2627 473 2689 XVII.
513 2625 643 2702 Orator,
681 2627 792 2708 inquit,
830 2628 926 2689 iratus
956 2627 1126 2708 aliquando
1157 2626 1268 2690 melior
1298 2636 1355 2691 est.
1409 2629 1531 2690 immol

281 2735 419 2798 imitatus
454 2734 576 2796 iratum.
629 2753 704 2795 narn
736 2743 768 2795 et
803 2732 969 2796 histriones
1004 2735 1035 2796 in
1069 2735 1304 2816 pronuntiando
1340 2755 1405 2796 non
1442 2735 1504 2795 irati

280 2840 434 2924 populum
459 2847 598 2914 mouent,
626 2840 684 2901 sed
707 2840 821 2901 iratum
850 2840 932 2902 bene
956 2849 1105 2920 agentes:
1147 2849 1179 2902 et
1202 2842 1288 2923 apud
1311 2829 1427 2902 iudices
1451 2842 1502 2901 ita-

281 2968 342 3030 que
365 2956 398 3009 et
421 2947 452 3007 in
475 2947 623 3008 contione
646 2954 679 3007 et
702 2946 892 3026 ubicumque
907 2945 998 3008 alieni
1013 2947 1107 3010 animi
1122 2947 1164 3008 ad
1180 2955 1324 3008 nostrum
1349 2948 1503 3009 arbitrium

241 3075 267 3116 n
282 3053 397 3133 agendi
427 3061 515 3126 sunt,
546 3053 646 3114 modo
669 3053 761 3127 iram,
793 3049 892 3114 modo
917 3061 1051 3128 metum,
1082 3053 1183 3114 modo
1206 3053 1450 3115 misericordiam
1473 3061 1504 3113 ut

282 3157 347 3220 aliis
369 3143 566 3233 incutiamus,
597 3159 656 3240 ipsi
678 3157 910 3233 simulabinruS,
942 3167 973 3220 et
997 3179 1092 3239 saepe
1114 3160 1147 3221 id
1170 3159 1257 3242 quod
1280 3161 1346 3221 ueri
1370 3158 1503 3221 adiectus
1593 3233 1594 3241 ἵ

281 3284 346 3326 non
386 3263 576 3339 effecissent,
615 3262 729 3326 efficiet
764 3265 898 3327 imitatio
932 3264 1123 3326 adfectuum.
1185 3263 1365 3346 languidus,
1401 3267 1532 3347 inquit?

282 3371 402 3432 animus
426 3380 482 3446 est,
505 3372 559 3452 qui
581 3372 626 3433 ira
649 3379 743 3434 caret
796 3391 906 3432 uerum
930 3381 991 3446 est,
1015 3373 1040 3432 si
1063 3369 1137 3432 nihil
1159 3370 1258 3433 habet
1280 3372 1326 3434 ira
1349 3372 1503 3433 ualentius

282 3496 341 3538 nec
357 3475 527 3538 latronem
559 3486 687 3560 oportet
718 3497 787 3539 esse
820 3497 879 3540 nec
908 3478 1077 3558 praedam,
1109 3498 1168 3539 nec
1191 3479 1426 3540 misericordem
1450 3496 1504 3538 nec

242 3607 268 3647 ao
284 3582 451 3645 crudelem.
504 3583 582 3646 illius
620 3585 711 3648 nimis
751 3583 855 3646 mollis
892 3586 1030 3660 animuS,
1069 3583 1160 3645 huius
1190 3585 1281 3646 nimis
1314 3585 1408 3646 durus
1436 3590 1500 3645 est:

282 3804 377 3895 lffeta
474 3830 583 3894 bsuoq3
605 3830 630 3895 (ο
649 3829 676 3881 in
697 3828 764 3895 rat.)
869 3829 1003 3882 iadducit
1021 3845 1076 3884 non
1095 3831 1195 3880 abducit
1213 3829 1274 3882 cod.
1372 3828 1503 3894 SImpetus

352 3920 445 3983 impetu
541 3916 573 3969 10
592 3918 652 3967 illud
671 3919 699 3983 (d
717 3932 756 3970 ex
775 3924 783 3966 t
802 3917 886 3983 corr.)
988 3915 1019 3968 13
1039 3919 1115 3968 boum
1134 3917 1300 3972 deteriores:
1322 3920 1412 3968 bonum

285 4007 315 4059 19
335 4001 464 4072 Imponim'
486 4003 550 4074 (sirii
568 4007 622 4072 inp)
746 4006 779 4057 23
800 4007 866 4070 apud
885 4006 912 4071 (d
931 4007 1014 4070 corr.)
1134 4008 1167 4060 26
1187 4008 1333 4056 IncutIamus
1351 4005 1443 4060 ceteri:
1470 4005 1503 4052 in·

219 4096 222 4104 '
282 4097 384 4146 cutimus
498 4090 651 4145 semulabim’
671 4092 722 4146 sed
739 4095 817 4144 semul
835 4094 861 4146 in
882 4109 937 4146 ras.
1059 4097 1158 4146 affectus
1178 4094 1268 4166 (prior
1286 4095 1298 4142 i
1314 4092 1396 4159 conr.)
1590 4083 1591 4092 ἶ

282 4183 315 4236 27
341 4184 431 4234 efficiet
449 4180 540 4235 Isock:
568 4184 648 4232 effecit
672 4180 731 4235 cod.
750 4181 802 4235 sed
823 4180 950 4251 futurum
969 4181 1079 4236 uidetur
1104 4182 1288 4236 necessarium
1312 4197 1372 4235 esse
1393 4183 1505 4251 propter

282 4273 468 4329 simulabimus;
496 4270 665 4324 coniunctum
692 4285 752 4323 cum
778 4286 810 4324 eo
835 4273 954 4321 effecisset
979 4270 1138 4338 defenditur
1155 4271 1238 4324 simili
1255 4270 1314 4325 loco
1334 4268 1418 4336 Quint.
1441 4272 1462 4334 t,
1483 4270 1504 4328 l,
1589 4331 1590 4344 χ

284 4361 316 4411 18
342 4362 438 4409 maiora
463 4367 544 4409 tamen
569 4360 651 4424 aliqua
669 4376 729 4424 puer
748 4360 825 4408 discet
850 4361 904 4424 ipso
923 4361 967 4410 illo
987 4377 1051 4410 anno
1071 4376 1119 4424 quo
1138 4361 1235 4410 minora
1255 4361 1379 4410 didicisset

284 4449 390 4499 aiiectuss
411 4447 531 4517 (priori
547 4450 629 4513 corr.)
702 4447 736 4500 29
755 4449 873 4512 praedam
894 4445 1033 4502 Muretus:
1054 4450 1190 4513 predonem
