3212 5326
278 314 339 376 116
615 305 696 346 DIAL.
712 305 738 345 V.
767 302 943 344 bisinnus.
960 301 1000 343 111.
1028 304 1159 345 3ῖ.38.39.

275 454 367 516 uenit.
422 452 523 514 minus
562 450 720 514 honorato
757 448 830 512 loco
867 450 988 532 positus
1018 448 1107 510 irasci
1138 449 1270 531 coepisti
1299 451 1534 524 conuiuatori,i

275 563 427 646 uocatori,
451 560 509 642 ipsi
532 561 584 640 qui
607 557 663 621 tibi
686 556 939 640 praeferebatur:
967 558 1116 631 demens,
1139 557 1215 636 quid
1238 557 1383 630 interest,
1407 577 1504 638 quam
1564 613 1567 620 .

275 667 348 730 lecti
379 685 505 748 premas
527 668 672 746 partem?
687 713 691 718 .
704 663 918 727 honestiorem
942 671 976 724 te
999 673 1052 724 aut
1075 663 1248 743 'turpiorem
1271 671 1379 743 potest
1402 663 1505 725 facere

277 773 440 856 puluinus?
472 792 536 834 non
560 771 666 852 aequis
689 771 850 852 quendam
874 769 971 832 oculis
995 770 1114 843 uidisti,
1138 770 1211 849 quia
1234 771 1275 832 de
1289 771 1427 849 ingenio
1451 776 1536 832 tuos

251 878 361 942 smale
384 878 508 940 locutus
532 887 598 940 est:
631 879 742 958 recipis
766 877 846 940 hanc
870 876 996 957 legem?
1028 897 1107 956 ergo
1129 884 1162 938 te
1186 876 1320 950 Enniu5‚
1352 897 1419 958 quo
1444 897 1506 939 non

278 986 451 1060 delectaris
467 986 596 1057 odisset,
613 995 645 1047 et
662 985 858 1058 Hortensius
880 983 912 1044 si
925 983 1085 1044 orationes
1100 987 1167 1043 eius
1182 983 1378 1062 inprobam,
1399 984 1504 1045 simul·

278 1101 360 1156 tates
384 1091 439 1154 tibi
462 1092 630 1166 indiceret,
654 1101 687 1154 et
710 1090 837 1165 Cicero,
859 1091 885 1152 si
909 1089 1068 1152 derideres
1091 1089 1230 1152 carmina
1253 1091 1334 1165 eius,
1366 1090 1507 1153 immicus

278 1207 369 1261 esset.
416 1199 462 1260 uis
485 1209 519 1261 tu
543 1219 646 1278 aequo
670 1198 777 1260 animo
800 1198 865 1278 pati
889 1197 1074 1260 candidatus
1097 1197 1265 1276 suffragia?

278 1316 284 1328 '
367 1305 548 1367 XXXVIII.
594 1303 826 1367 Contumeliam
850 1303 906 1365 tibi
930 1302 1002 1366 iecit
1025 1303 1149 1384 aliquis:
1176 1306 1328 1386 numquid
1352 1305 1535 1366 maioremi

242 1431 265 1472 ur
279 1433 375 1494 quam
391 1411 528 1492 Diogeni
552 1410 742 1493 philosopho
759 1409 887 1474 Stoico?
911 1412 960 1473 cui
981 1411 1023 1472 de
1038 1412 1083 1472 ira
1098 1431 1169 1473 cum
1187 1412 1327 1472 maxime
1343 1412 1507 1474 disserenti

280 1518 464 1582 adulescens
499 1527 665 1598 proteruus
696 1519 819 1600 inspuit.
865 1518 935 1579 tulit
966 1518 1028 1579 hoc
1058 1516 1108 1579 iile
1139 1517 1249 1580 leniter
1280 1527 1312 1579 et
1341 1519 1507 1600 sapienter.

281 1647 346 1688 non
368 1625 509 1707 quidem,
533 1625 646 1706 Inquit,
670 1625 794 1698 irascor,
818 1626 875 1686 sed
900 1625 1012 1687 dubito
1036 1634 1153 1697 tamen,
1176 1645 1216 1685 an
1240 1634 1388 1706 oporteat
1413 1626 1508 1687 irasci.
1599 1685 1600 1710 ,

281 1741 401 1814 quanto
427 1729 508 1792 Cato
540 1739 648 1792 noster
679 1729 809 1793 melius?
841 1733 909 1812 qui,
941 1753 1012 1792 cum
1032 1734 1142 1810 agenti
1165 1751 1293 1794 causam
1318 1732 1347 1791 in
1370 1731 1536 1794 frontemt

284 1839 422 1902 mediam
447 1847 598 1919 quantum
622 1845 748 1920 poterat
771 1847 906 1901 attracta
926 1839 1036 1919 pingui
1058 1837 1155 1899 saliua
1175 1839 1340 1919 inspuisset
1357 1837 1508 1900 Lentulus

245 1964 266 2002 n
282 1944 346 2020 ille,
379 1953 502 2027 patrum
533 1954 715 2006 nostrorum
747 1934 901 2006 me‘moria
933 1943 1080 2006 factiosus
1113 1953 1145 2007 et
1168 1945 1331 2026 inpotens,
1362 1945 1508 2008 abstersit

281 2051 392 2116 faciem
416 2061 465 2128 et,
495 2051 691 2125 adfirmab0,
721 2051 834 2131 inquit,
864 2051 1026 2126 omnibuS‚
1058 2049 1299 2125 Lentuleufalli
1322 2071 1378 2114 eos
1401 2054 1508 2134 quite

282 2155 400 2240 degant
424 2178 460 2220 os
483 2157 609 2220 habere.

371 2264 523 2326 XXXIX.
556 2262 698 2344 Contigit
713 2265 776 2326 iam
793 2263 893 2338 nobis,
909 2263 1044 2338 Nouate,
1065 2251 1148 2327 bene
1164 2284 1344 2348 conponere
1359 2268 1506 2346 animum.
1528 2272 1535 2320 t

282 2380 337 2434 aut
367 2391 431 2432 non
461 2371 555 2432 sentit
585 2371 776 2432 iracundiam
808 2379 863 2434 aut
890 2361 1032 2452 supeiior
1055 2382 1121 2433 est:
1157 2371 1319 2434 uideamus
1342 2375 1506 2454 quomodo

242 2497 268 2535 ru
282 2477 416 2539 alienam
439 2479 518 2538 iram
541 2476 712 2539 leniamus:
739 2497 797 2539 nec
820 2479 903 2539 enim
928 2478 994 2540 sani
1018 2498 1088 2540 esse
1110 2487 1233 2540 tantum
1259 2477 1420 2555 uolumus,
1451 2482 1507 2542 sed

283 2603 403 2646 sanare.

373 2689 510 2752 Primam
535 2689 612 2752 iram
636 2710 700 2753 non
723 2690 911 2754 audebimus
934 2691 1077 2754 oratione
1100 2690 1255 2753 mulcere:
1286 2693 1382 2770 surda
1406 2702 1453 2754 est
1476 2700 1536 2755 et?

283 2817 401 2860 amens.
448 2796 594 2860 dabimus
624 2796 665 2858 illi
696 2798 840 2880 spatium.
887 2799 1026 2860 remedia
1053 2799 1083 2859 in
1107 2798 1346 2862 remissionibus
1369 2809 1507 2880 prosunt.

283 2923 342 2965 nec
363 2902 473 2966 oculos
497 2903 645 2966 tumentis
668 2912 871 2986 temptamus
896 2904 958 2966 uim
982 2908 1139 2985 rigentem
1164 2906 1325 2968 mouendo
1348 2906 1507 2978 incitaturi,

245 3026 270 3066 u
285 3030 344 3094 nec
382 3019 487 3072 cetera
524 3011 615 3085 uitIa,
654 3011 731 3072 dum
770 3009 899 3072 seruent.
944 3012 1029 3074 initia
1067 3011 1252 3073 morborum
1291 3013 1380 3092 quies
1415 3021 1506 3074 curat.

285 3115 487 3196 quantulum,
517 3117 631 3196 inquis,
662 3118 795 3198 prodest
822 3118 997 3178 remedium
1029 3125 1135 3192 tuum,
1164 3119 1189 3178 si
1211 3138 1269 3179 sua
1290 3127 1407 3199 sponte
1429 3118 1536 3180 desi-Ji

286 3231 413 3283 nentem
445 3223 522 3284 iram
553 3221 677 3304 placat?
708 3226 862 3304 primum,
893 3232 927 3285 ut
958 3224 1047 3286 citius
1079 3224 1218 3297 desmat,
1249 3223 1351 3286 efficit.
1397 3225 1507 3286 deinde

287 3329 440 3402 custodit,
472 3350 511 3390 ne
542 3331 669 3392 recidat.
716 3332 818 3411 ipsum
849 3350 976 3411 quoque
1007 3315 1164 3410 inpetum,
1195 3351 1290 3412 quem
1321 3351 1387 3394 non
1417 3333 1508 3394 audet

287 3435 390 3510 lenire,
414 3434 516 3499 fallet:
545 3437 721 3498 remouebit
744 3439 851 3498 omnia
866 3435 990 3499 ultionis
1007 3439 1221 3506 instrumenta.
1252 3438 1411 3500 simulabit
1426 3441 1506 3509 iram,

246 3559 272 3600 ³0
287 3553 320 3605 ut
351 3551 514 3624 tamquam
539 3546 663 3607 adiutor
686 3553 717 3605 et
742 3542 860 3606 doloris
884 3563 993 3605 comes
1017 3542 1086 3624 pIus
1109 3545 1301 3606 auctoritatis
1325 3547 1357 3607 in
1380 3541 1507 3606 consiliis

286 3649 411 3712 habeat.
458 3669 564 3712 moras
595 3659 717 3724 nectet,
748 3659 780 3712 et
810 3652 886 3712 dum
919 3651 1071 3712 maiorem
1095 3671 1238 3732 poenam
1248 3652 1393 3732 quaerit,
1422 3669 1505 3731 prae-

287 3790 499 3801 --.--—-1-—.

290 3865 300 3916 l,
323 3849 410 3929 cepisti
513 3861 528 3913 5
554 3868 638 3926 ergote
741 3861 757 3912 ti
783 3859 869 3914 uerba
887 3863 907 3911 si
927 3863 1050 3912 orationes
1069 3863 1119 3912 eius
1138 3864 1281 3926 inprobares
1301 3860 1340 3915 ad
1356 3859 1505 3914 serrlmtiam

286 3951 445 4005 uecessarr'a
469 3947 579 4002 addidit
605 3947 699 4019 Haupt
800 3950 817 4002 8
842 3953 878 4000 uis
897 3958 921 4000 tu
934 3965 1020 4015 *equo
1126 3950 1157 4003 ’,12
1183 3956 1328 4015 anoporteat
1353 3951 1422 3999 irasci
1439 3946 1505 4004 cod,

287 4060 317 4090 an
344 4043 415 4090 irasci
440 4045 553 4104 oporteat
579 4035 661 4108 uulqo
766 4039 797 4091 13
823 4047 914 4104 quanto
940 4040 1004 4089 Cato
1030 4037 1156 4092 Ficlsert:
1184 4045 1275 4104 quanto
1373 4039 1404 4090 Ib'
1425 4037 1505 4101 inquid

367 4129 398 4180 18
418 4144 568 4193 componere
651 4127 685 4180 24
705 4134 853 4193 temptamus
867 4126 936 4189 cod,
956 4131 1131 4194 temptabimus
1143 4125 1234 4198 uulqo,
1254 4126 1306 4180 sed
1323 4125 1392 4180 illud
1403 4123 1505 4182 rectius,

287 4218 413 4287 quonium
432 4215 499 4270 haec
517 4231 571 4268 non
591 4215 629 4270 ad
646 4216 716 4270 irum
731 4214 900 4286 placandam
924 4217 1074 4287 pertinent,
1099 4216 1151 4270 sed
1168 4232 1206 4271 ex
1231 4234 1262 4270 eo
1282 4215 1358 4288 quod
1381 4216 1406 4268 iu
1423 4211 1505 4266 oculu

288 4314 451 4368 tumentibus
465 4314 531 4382 fieri
547 4313 622 4380 solet,
642 4315 826 4384 siqur'ficutum
845 4314 912 4385 quid
929 4315 955 4367 ἐπ
976 4316 1019 4368 ira
1036 4313 1195 4384 faciendum
1214 4315 1249 4366 sit
1351 4314 1382 4366 28
1400 4304 1504 4382 reio-idat

378 4416 473 4478 impetu
565 4413 597 4464 'rii
618 4417 702 4476 poena
723 4412 799 4478 (raro
819 4411 956 4482 exemplo)
