3212 5326
307 383 368 444 102
667 375 747 420 DlAL.
763 375 789 416 V.
819 375 925 416 DElRA
941 374 1053 420 LlB.lll.
1084 377 1163 420 18.19.

302 523 419 586 lacinus
443 542 555 585 manus
578 527 747 586 exercens?
778 524 803 585 is
826 523 911 586 illum
936 531 1009 586 ante
1031 524 1162 586 bustum
1187 521 1228 605 Q.
1253 522 1354 586 Catuli
1378 523 1527 606 carpebat

301 630 503 710 grauissimus
526 629 680 692 mitissimi
703 630 759 692 uiri
782 629 949 704 cineribus,
980 649 1075 712 supra
1105 651 1186 711 quos
1217 631 1263 692 uir
1285 630 1358 692 mali
1381 630 1527 712 exempli,

301 736 460 818 popularis
495 746 602 799 tamen
632 745 666 798 et
700 756 766 798 non
796 746 862 798 tam
894 737 1040 800 inmerito
1071 757 1167 818 quam
1199 737 1289 799 nimis
1320 719 1445 800 amatus
1474 758 1528 819 per

301 842 453 906 stillicidia
475 845 660 925 sanguinem
685 842 791 906 dabat.
838 844 952 924 dignus
976 852 1043 906 erat
1066 843 1184 905 Marius
1207 844 1260 928 qui
1287 842 1338 906 illa
1360 853 1528 925 pateretur,

275 949 388 1012 sSulla
410 951 463 1031 qui
486 950 615 1025 iuberet,
640 949 773 1013 Catilina
794 951 848 1031 qui
871 949 996 1025 iaceret,
1020 952 1078 1012 sed
1100 951 1228 1031 indigna
1251 949 1428 1032 respublica
1450 971 1528 1030 quae

300 1057 331 1117 in
354 1077 469 1138 corpus
491 1077 583 1120 suum
613 1058 730 1139 pariter
761 1065 793 1120 et
816 1056 956 1118 hostium
979 1065 1012 1118 et
1035 1057 1193 1120 uindicum
1221 1055 1345 1137 gladios
1369 1059 1526 1138 reciperet

300 1163 375 1244 quid
406 1164 534 1244 antiqua
561 1167 758 1245 perscrutor?
791 1164 890 1226 modo
916 1163 950 1226 C.
975 1163 1091 1226 Caesar
1115 1152 1251 1226 Sextum
1276 1165 1457 1246 Papinium,
1482 1166 1551 1232 cuia

300 1281 391 1352 pater
414 1280 482 1333 erat
513 1269 699 1346 consularis,
723 1269 909 1333 Betilienum
932 1271 1065 1332 Bassum
1089 1280 1291 1351 quaestorem
1315 1291 1424 1346 suum,
1456 1291 1525 1352 pro-

301 1380 452 1440 curatoris
475 1378 522 1442 sui
545 1376 650 1452 filium,
674 1375 814 1457 aliosque
838 1386 871 1439 et
893 1385 1056 1440 senatores
1080 1387 1111 1440 et
1134 1378 1256 1458 equites
1275 1377 1444 1440 Romanos
1468 1399 1526 1438 uno

263 1504 285 1544 n
300 1485 351 1546 die
374 1482 505 1564 flagellis
521 1485 642 1558 cecidit,
666 1485 765 1557 torsit,
789 1504 853 1547 non
876 1484 1067 1565 quaestionis
1091 1485 1148 1546 sed
1164 1485 1258 1546 animi
1274 1505 1379 1548 causa.
1416 1484 1549 1552 deindet

299 1591 381 1652 adeo
404 1591 558 1673 inpatiens
582 1591 638 1653 suit
661 1589 855 1653 differendae
887 1590 1071 1672 uoluptatis,
1102 1610 1198 1670 quam
1229 1591 1339 1671 ingens
1362 1591 1525 1654 crudelitas

299 1699 364 1758 eius
387 1697 453 1759 sine
476 1696 625 1760 dilatione
648 1697 817 1779 poscebat,
849 1705 884 1758 ut
914 1699 945 1758 in
976 1705 1076 1778 xysto
1108 1708 1322 1780 matemorum
1352 1699 1524 1779 hortorum,

298 1805 350 1884 qui
373 1805 529 1886 porticum
553 1825 573 1866 a
595 1805 661 1885 ripa
684 1816 820 1885 separat,
851 1803 1049 1866 inambulans
1073 1824 1145 1866 cum
1169 1805 1321 1867 matronis
1344 1815 1442 1886 atque
1465 1805 1524 1866 aliis

298 1912 496 1973 senatoribus
511 1912 669 1991 quosdam
690 1931 735 1977 ,ex
752 1909 808 1972 illis
832 1912 873 1973 ad
889 1910 1049 1973 lucernam
1067 1910 1247 1974 decollaret.
1278 1912 1354 1993 quid
1370 1912 1522 1974 instabat?
1597 1945 1598 1998 1

260 2039 283 2078 is
297 2019 386 2098 quod
416 2018 587 2100 periculum
619 2027 672 2080 aut
704 2019 860 2099 priuatum
892 2026 946 2079 aut
968 2017 1128 2099 publicum
1157 2037 1218 2080 una
1241 2039 1308 2080 nox
1332 2019 1522 2082 minabatur?
1597 2065 1598 2124 q

296 2124 482 2206 quantulum
505 2124 561 2187 suit
583 2123 686 2186 lucem
711 2133 881 2206 expectare
906 2125 1054 2205 denique,
1078 2146 1118 2186 ne
1142 2134 1305 2188 senatores
1328 2125 1437 2207 populi
1462 2127 1520 2196 Ro·
1597 2129 1598 2190 3

296 2233 380 2294 mani
403 2232 542 2294 soleatus
565 2232 741 2294 occideret?
1597 2263 1598 2310 1

384 2337 472 2400 XIX.
512 2337 618 2419 Quam
649 2339 787 2419 superba
816 2337 907 2401 fuerit
938 2338 1104 2400 crudelitas
1136 2339 1201 2400 eius
1229 2340 1271 2400 ad
1294 2360 1362 2401 rem
1386 2341 1540 2420 pertinet!

295 2445 382 2520 scire,
406 2441 599 2527 quamquam
621 2445 769 2533 aberrare
784 2445 873 2507 alicui
889 2447 1047 2527 possimus
1062 2445 1161 2510 uideri
1177 2453 1210 2507 et
1226 2445 1256 2508 in
1273 2446 1400 2508 deuium
1417 2447 1516 2508 exire:
1597 2457 1598 2486 ³

255 2571 281 2610 n
296 2553 354 2615 sed
384 2552 447 2614 hoc
478 2553 579 2634 ipsum
609 2572 682 2634 pars
711 2554 769 2640 erit
801 2553 865 2614 irae
894 2572 988 2632 super
1018 2551 1111 2614 solita
1142 2553 1317 2615 saeuientis
1369 2553 1518 2615 ceciderat

296 2658 428 2740 flagellis
451 2669 633 2722 senatores:
668 2659 736 2742 ipse
759 2659 871 2734 effecit,
894 2669 928 2722 ut
944 2660 1004 2722 dici
1018 2668 1146 2741 posset:
1181 2657 1263 2722 solet
1278 2658 1351 2721 fieri.
1391 2668 1519 2722 torserat

295 2787 352 2848 per
374 2769 482 2828 omnia
504 2787 585 2847 quae
609 2768 639 2828 in
660 2787 763 2829 rerum
785 2775 895 2828 natura
910 2768 1086 2828 tristissima
1101 2774 1181 2840 sunt,
1205 2765 1345 2840 fidiculis,
1368 2765 1517 2842 talaribus,

295 2874 417 2950 eculeo,
449 2877 538 2955 igne,
568 2872 657 2936 uoltu
687 2893 754 2935 su0.
805 2880 838 2935 et
868 2873 931 2935 hoc
958 2871 1030 2934 loco
1062 2873 1325 2954 respondebitur:
1374 2883 1544 2954 magnam?

295 2984 382 3043 rem!
424 2984 449 3043 si
479 2990 543 3044 tres
574 2991 737 3042 senatores
768 2959 856 3062 quasi
886 3000 1023 3059 nequam
1057 2981 1211 3060 mancipia
1232 2982 1314 3042 inter
1337 2980 1465 3042 uerbera
1487 2985 1517 3040 et
1597 3013 1598 3050 3

255 3109 280 3148 u
295 3086 440 3149 flammas
472 3089 576 3151 diuisit
605 3088 719 3163 bomo,
750 3089 803 3170 qui
832 3088 874 3148 de
905 3097 975 3150 toto
1007 3096 1117 3149 senatu
1141 3088 1329 3150 trucidando
1349 3077 1516 3168 cogitabat,

294 3197 347 3276 qui
379 3194 524 3276 optabat,
564 3203 597 3256 ut
628 3195 764 3278 populus
795 3195 961 3256 Romanus
992 3214 1087 3255 unam
1119 3197 1274 3256 ceruicem
1306 3193 1464 3268 haberet,*
1484 3200 1515 3252 ut

293 3301 413 3364 scelera
443 3323 499 3364 sua
529 3311 580 3364 tor
610 3301 695 3386 locis=
719 3322 756 3364 ac
784 3301 982 3383 temporibus
1013 3302 1143 3363 diducta
1173 3304 1204 3363 in
1235 3321 1332 3363 unum
1364 3304 1455 3364 ictum
1485 3307 1514 3359 et
1597 3365 1598 3368 Ἴ

294 3431 390 3471 unum
415 3410 499 3472 diem
524 3417 664 3490 cogeret.
703 3410 778 3491 quid
794 3417 861 3471 tarn
881 3409 1058 3470 inauditum
1075 3428 1171 3490 quam
1195 3417 1385 3472 nocturnum
1408 3405 1513 3488 suppli·

294 3519 392 3579 cium?
418 3537 490 3578 cum
519 3517 680 3581 latrocinia
703 3517 843 3580 tenebris
875 3515 1028 3578 abscondi
1058 3513 1194 3589 soleant,
1227 3516 1516 3584 animaduersiones,

379 3821 527 3872 lexercens
545 3796 563 3869 ls
584 3821 629 3870 illst
707 3819 784 3885 quinti
804 3819 878 3867 catuli
958 3803 1026 3872 td.
1046 3833 1116 3881 cesar
1200 3817 1230 3869 11
1253 3818 1339 3882 ingens
1359 3813 1510 3869 Priscianus:

293 3912 418 3974 ingentem
509 3908 542 3961 13
562 3909 717 3959 inambulans
736 3908 930 3971 cum-matronis
949 3913 1021 3971 atque
1041 3907 1095 3954 aliis
1114 3907 1268 3956 senatoribus
1287 3907 1409 3970 quosdam
1426 3921 1452 3955 ex
1469 3901 1511 3951 illis

1136 3984 1144 4014 t

293 4051 416 4122 Lipsius:
445 4053 601 4102 inambulans
625 4053 747 4116 quosdam
773 4067 802 4100 ex
821 4051 869 4100 illis
888 4067 944 4100 cum
970 4051 1089 4098 matronis
1109 4031 1190 4114 adque
1208 4050 1263 4098 aliis
1282 4049 1433 4100 senatoribus
1450 4040 1511 4105 coil,

292 4158 345 4211 quo
365 4141 462 4196 ordine
481 4145 585 4195 retento
607 4138 689 4194 Gertz
716 4157 771 4190 cum
791 4140 818 4205 in
838 4157 922 4190 coram
943 4137 1102 4192 mutandum
1120 4153 1179 4192 esse
1198 4145 1290 4191 censet
1399 4134 1429 4188 19
1446 4130 1509 4183 alicui

292 4229 420 4286 Fickert:
443 4233 517 4297 aliqui
605 4223 648 4282 Ι21)
668 4231 702 4294 ire
721 4246 766 4294 sup
787 4229 913 4299 (postire
933 4229 999 4297 ras.)
1102 4227 1134 4281 21
1155 4231 1238 4292 posset
1258 4225 1328 4293 cod„
1347 4226 1407 4279 item
1425 4221 1509 4288 Nem,

291 4317 430 4387 Muretus,
456 4319 581 4388 thsium
612 4321 689 4384 possit
710 4335 830 4389 prorsus
856 4317 979 4371 inmerito
1005 4315 1092 4386 Bipst,
1117 4314 1193 4386 quod
1216 4317 1386 4370 retinuerunt
1408 4308 1509 4366 arctat

292 4414 318 4459 et
337 4407 442 4475 Haase,
468 4424 583 4478 quorum
603 4405 648 4461 ille
666 4409 716 4458 dici
735 4409 812 4473 possit
831 4422 922 4461 omues
941 4405 1025 4460 libros
1044 4404 1146 4459 habere
1165 4404 1291 4473 affirmat
1402 4401 1432 4454 23
1449 4397 1506 4448 uultu

378 4496 413 4548 99
432 4512 518 4566 supra
537 4499 762 4547 animaduersiones
782 4513 814 4549 m.
836 4511 890 4554 rec,
911 4513 1007 4546 reorum
1028 4497 1166 4560 punitiones
