3234 5336
186 1173 190 1180 ·
272 1161 576 1260 valramo
610 1097 877 1262 ruallus
912 1162 1175 1261 vinium.

197 1427 388 1521 Hermanno
413 1457 536 1522 Adolso
560 1457 696 1533 Kochi0,
719 1458 899 1540 professore
922 1462 1085 1540 quondam
1102 1461 1255 1537 Portensi,
1278 1463 1334 1524 im-

114 1584 231 1638 matura
262 1583 367 1637 morte
396 1575 479 1637 vitae
503 1583 534 1636 et
558 1575 621 1636 suis
644 1576 740 1654 atq‘ue
763 1575 810 1636 his
833 1573 942 1637 litteris
967 1585 1086 1657 erepto,
1111 1596 1169 1657 pro
1194 1597 1231 1639 ea
1255 1598 1336 1657 quae

113 1690 182 1753 mihi
206 1711 279 1752 cum
303 1710 343 1751 eo
374 1691 447 1752 inde
470 1689 511 1751 ab
534 1687 686 1752 sodalicio
710 1689 868 1752 Bonnensi
892 1691 1111 1754 intercesserat
1139 1692 1286 1766 amicitia,
1318 1714 1337 1755 a

112 1827 160 1868 me
190 1807 324 1888 petitum
354 1816 417 1881 est,
449 1815 483 1869 ut
506 1805 588 1868 hanc
612 1804 753 1868 Senecae
776 1807 948 1869 editionem
971 1815 1121 1889 coeptam
1145 1807 1185 1868 ab
1210 1811 1279 1888 ipso
1304 1816 1336 1869 et

113 1922 168 1984 iam
200 1920 304 2004 aliqua
331 1930 423 1984 tenus
454 1930 639 2003 provectam
671 1920 900 1984 absolvendam
931 1941 1082 1984 curarem.
1135 1921 1241 2004 Quam
1274 1943 1335 2004 ego

112 2038 329 2100 condicionem
350 2037 464 2118 accepi,
488 2039 532 2099 ita
546 2045 641 2111 ratus
663 2028 694 2098 ¹in
710 2056 808 2118 opere
824 2037 960 2098 auctoris
977 2057 1072 2098 manu
1088 2037 1230 2120 perfecto
1246 2057 1334 2119 prae-

110 2153 174 2214 sidii
205 2153 359 2235 quiddam
388 2154 495 2234 quaeri
525 2154 613 2234 quod
644 2152 886 2234 typothetarum
918 2152 1060 2214 laborem
1093 2163 1219 2234 regeret
1246 2153 1334 2214 char-

109 2277 219 2349 tasque
243 2288 262 2329 a
285 2267 466 2348 vulgaribus
497 2287 665 2349 operarum
694 2267 832 2348 peccatis
855 2267 1037 2330 vindicaret.
1085 2268 1195 2348 Itaque
1218 2269 1260 2330 ad
1285 2289 1337 2330 me

109 2382 219 2445 allatae
243 2391 316 2445 sunt
340 2403 402 2444 una
423 2402 495 2444 cum
512 2381 652 2444 Senecae
668 2381 820 2463 exemplo
837 2381 997 2444 Haasiano
1013 2403 1033 2444 a
1048 2382 1175 2444 Kochio
1191 2393 1336 2446 correcto

109 2507 139 2559 et
170 2497 429 2561 adnotationibus
460 2497 571 2560 criticis
602 2498 697 2579 ipsius
728 2517 823 2558 manu
855 2499 992 2559 exaratis
1020 2507 1169 2579 quattuor
1191 2498 1338 2580 plagulae

111 2615 193 2694 typis
216 2615 280 2675 iam
305 2614 481 2696 descriptae
504 2623 537 2675 et
560 2613 601 2675 ab
625 2613 747 2676 editore
770 2614 951 2694 recognitae
974 2615 1032 2674 sed
1056 2634 1138 2692 quae
1154 2613 1242 2696 prelo
1259 2633 1337 2674 non-

111 2729 184 2790 dum
201 2728 370 2791 defunctae
386 2736 483 2791 erant.
529 2727 618 2810 Quas
634 2729 710 2790 dum
726 2747 884 2810 percurro,
900 2731 1008 2791 statim
1024 2728 1159 2810 percepi,
1175 2728 1338 2790 hominem

110 2844 333 2906 moribundum
364 2843 558 2906 festinavisse
588 2852 621 2906 et
652 2844 740 2924 quasi
770 2854 970 2924 praevertere
1001 2851 1139 2906 mortem
1170 2843 1339 2932 inevitabili

109 2957 173 3021 sato
204 2958 433 3022 accelerantem
465 2958 615 3034 voluisse,
648 2968 682 3021 ut
713 2957 775 3020 hoc
805 2958 917 3022 saltem
950 2979 1030 3040 opus
1062 2967 1244 3020 extremum
1272 2959 1338 3040 ipse

111 3076 197 3135 vivus
221 3075 395 3156 vidensque
418 3075 459 3136 ad
483 3074 664 3136 umbilicum
689 3073 889 3156 perduceret:
916 3082 967 3136 tot
991 3074 1072 3136 enim
1098 3084 1129 3136 et
1146 3083 1235 3136 tanta
1250 3084 1339 3136 erant

109 3187 137 3249 in
161 3189 209 3251 his
232 3188 367 3270 plagulis
391 3188 504 3264 relicta,
529 3208 610 3270 quae
633 3189 677 3251 sic
692 3189 820 3270 quidem
842 3190 1110 3252 'committendum
1127 3209 1189 3250 non
1214 3198 1281 3252 erat
1305 3198 1338 3251 ut

109 3306 360 3388 exprimerentur
390 3324 428 3365 ac
459 3305 708 3384 divulgarentur:
742 3306 800 3366 sed
831 3306 919 3384 quod
944 3305 1068 3384 gravius
1093 3314 1175 3378 erat,
1207 3306 1337 3366 omnino

109 3439 238 3482 ornnem
270 3390 512 3482 adnotationem
543 3421 681 3482 criticam
711 3420 832 3482 tamin
857 3419 917 3482 hac
940 3427 1029 3502 parte
1053 3439 1149 3502 quam
1173 3421 1204 3481 in
1228 3395 1338 3482 ceteris

16 3543 19 3560 '
108 3536 151 3599 ita
174 3538 364 3600 adornatam
387 3536 468 3610 vidi,
498 3544 532 3597 ut
555 3535 648 3597 valde
670 3536 772 3596 vereri
793 3535 1045 3617 inciperemne
1069 3536 1237 3598 immutata
1260 3505 1338 3597 haec

108 3671 205 3732 opera
237 3653 267 3713 in
300 3650 461 3732 publicum
492 3651 623 3724 emissa,
653 3651 684 3712 in
711 3659 802 3712 tanto
826 3650 969 3714 adhibito
993 3652 1098 3714 studio
1123 3659 1154 3712 et
1177 3650 1337 3724 industria,

107 3785 170 3827 non
202 3787 313 3849 parem
346 3776 428 3828 esset
460 3765 625 3828 utilitatem
656 3766 809 3830 habitura.
855 3766 933 3828 Erat
964 3767 1048 3829 enim
1072 3765 1214 3828 Kochius
1238 3765 1337 3827 homo

107 3882 245 3945 eruditus
277 3881 327 3943 ille
358 3883 487 3962 quidem
518 3891 550 3944 et
582 3891 691 3944 acutus
722 3881 780 3974 sed
811 3901 923 3963 parum
946 3882 987 3943 ad
1012 3882 1172 3942 edendum
1196 3883 1336 3942 veterem

106 4000 295 4079 scriptorem
327 3997 426 4058 sactus
457 4007 489 4058 et
519 3999 572 4078 qui
603 3998 634 4059 id
666 4017 730 4060 non
761 3996 835 4058 satis
859 3995 1054 4078 experiendo
1079 3995 1237 4057 didicisset
1261 3995 1337 4075 quid

105 4116 267 4192 agendum
292 4122 324 4174 et
348 4114 524 4174 cavendum
549 4121 633 4175 esset
656 4113 781 4186 editori,
806 4120 841 4174 ut
864 4113 1003 4174 subsidia
1026 4119 1153 4172 textum
1177 4110 1337 4191 scriptoris

105 4229 302 4301 comitantia,
326 4247 389 4288 non
414 4227 499 4289 mole
522 4227 619 4289 inutili
643 4248 803 4311 oppressa,
828 4237 935 4290 tamen
959 4201 1162 4288 intaxandis
1186 4225 1335 4288 librorum

104 4343 294 4406 testimoniis
310 4352 364 4403 aut
380 4345 409 4403 in
426 4343 554 4406 editoris
570 4343 741 4405 rationibus
757 4344 988 4424 cognoscendis
1005 4360 1159 4421 nusquam
1176 4338 1335 4420 legentem

104 4459 332 4521 destituerent:
357 4460 410 4539 qui
432 4458 483 4520 vel
506 4459 535 4520 in
559 4457 753 4521 conserendo
774 4457 915 4521 Senecae
940 4455 1139 4536 dialogorum
1160 4456 1336 4535 exemplari

1086 4577 1100 4608 a
1108 4559 1122 4592 *lt
