3212 5318
292 369 355 432 256
474 361 553 404 DlAL.
564 361 604 403 Xl.
633 359 674 402 AD
690 359 826 401 1151,va
841 359 971 400 Mutuum
988 359 1027 398 DE
1041 357 1282 402 CONSOLATlONE.
1311 363 1331 402 u.

291 505 451 588 Mytilenis
483 505 665 568 exulantem
690 514 721 567 et
750 513 901 586 quantum
927 505 1026 565 modo
1051 515 1162 567 natura
1185 503 1321 568 hominis
1345 513 1507 588 pateretur,

290 615 471 676 beatissime
502 615 661 674 uiuentem
692 631 794 693 neque
825 631 976 693 umquam
1004 611 1198 692 cupidiorem
1223 611 1376 674 bonarum
1401 613 1508 672 artium

290 740 385 802 quam
410 719 461 782 illo
485 729 639 800 tempore.
687 720 792 799 itaque
816 719 928 781 adicit:
964 717 1068 778 ruitum
1084 717 1148 778 sibi
1161 737 1195 778 se
1210 717 1318 798 ntaga's
1332 719 1365 779 in
1381 717 1508 778 exilium

290 827 355 904 ire,
389 827 446 906 qui
474 826 541 887 sine
565 825 620 888 illo
645 824 807 886 rediturus
830 833 926 901 esset,
943 843 1056 912 'quam
1080 824 1171 885 illum
1195 824 1228 884 in
1252 823 1348 893 exilio
1372 824 1510 901 relinqui.

265 955 276 992 r,
291 954 311 995 o
335 933 574 996 fortunatiorem
599 930 783 994 Marcellum
808 953 847 994 eo
871 940 1030 1014 tempore,
1061 907 1126 1011 quo
1150 930 1277 993 exilium
1301 951 1391 992 suum
1417 931 1537 994 Brutos

292 1041 496 1122 adprobauit,
528 1060 623 1120 quam
655 1059 719 1120 quo
750 1037 938 1120 reipublicae
969 1038 1185 1100 consulatum!
1227 1047 1362 1119 quantus
1392 1037 1443 1099 ille
1473 1039 1512 1099 uir

291 1139 363 1224 fuit,
394 1149 446 1230 qui
478 1145 597 1222 effecit,
630 1155 663 1208 ut
694 1145 803 1227 aliquis
835 1144 910 1207 exul
940 1144 998 1206 sibi
1028 1146 1203 1219 uideretur,
1234 1146 1321 1224 quod
1353 1144 1394 1206 ab
1423 1145 1512 1206 exule

292 1256 473 1316 recederet?
519 1263 654 1335 quantus
694 1253 739 1315 uir
776 1251 847 1326 fuit,
886 1253 939 1334 qui
969 1253 1000 1312 in
1030 1251 1272 1314 admirationem
1304 1252 1350 1312 sui
1381 1251 1511 1312 adduxit

291 1360 452 1424 hominem
477 1361 573 1423 etiam
598 1359 711 1422 Catoni
735 1379 792 1421 suo
816 1355 1015 1421 mirandum?
1054 1359 1138 1420 idem
1156 1353 1271 1420 Brutus
1292 1358 1355 1419 ait:
1384 1356 1417 1418 C.
1439 1357 1537 1422 cae-u

255 1487 277 1528 ιο
291 1487 398 1530 sarem
409 1466 585 1548 Mytilenas
593 1475 858 1546 praeteruectum,
877 1465 953 1545 quia
970 1485 1030 1526 non
1046 1465 1218 1526 sustineret
1230 1463 1339 1525 uidere
1355 1463 1510 1542 deforma-

202 1601 204 1606 ·
292 1585 358 1636 tum
387 1574 503 1635 uirium.
548 1573 589 1634 illi
612 1574 745 1654 quidem'
765 1573 900 1634 reditum
923 1573 1090 1654 inpetrauit
1114 1581 1241 1634 senatus
1264 1571 1395 1658 publicis
1418 1572 1509 1652 preci-

290 1681 350 1743 bus
382 1689 448 1744 tam
479 1679 628 1742 sollicitus
658 1700 695 1741 ac
726 1687 881 1754 maestus,
911 1689 947 1740 ut
978 1667 1090 1740 omires
1120 1679 1173 1740 illo
1205 1680 1257 1761 die
1280 1678 1368 1740 Bruti
1399 1678 1511 1739 habere

292 1789 430 1850 animum
463 1787 643 1848 uiderentur
672 1795 704 1847 et
735 1807 798 1847 non
830 1805 888 1866 pro
920 1785 1086 1858 Marcello,
1119 1787 1176 1846 sed
1206 1805 1266 1866 pro
1289 1805 1324 1846 se
1347 1784 1511 1866 deprecari,

291 1915 331 1956 ne
355 1893 465 1956 exules
488 1901 610 1968 essent,
633 1895 658 1955 si
682 1894 748 1954 sine
771 1891 824 1953 illo
847 1891 994 1954 fuissent:
1029 1894 1086 1954 sed
1110 1892 1179 1974 plus
1204 1892 1304 1954 multo
1328 1901 1511 1953 consecutus

255 2010 356 2076 uest,
387 2021 452 2081 quo
483 2001 534 2062 die
562 1999 647 2062 illum
677 1999 804 2061 exulem
818 2001 942 2060 ‘Brutus
966 1998 1139 2081 relinquere
1162 2019 1227 2060 non
1249 1999 1368 2080 potuit,
1400 1997 1511 2061 Caesar

293 2109 407 2170 uidere.
469 2107 601 2188 contigit
639 2107 722 2168 enim
760 2105 800 2166 illi
839 2107 1053 2168 testimonium
1086 2109 1264 2186 utriusque:
1306 2105 1422 2167 Brutus
1452 2106 1511 2165 sine

291 2213 443 2278 Marcello
467 2214 579 2276 reuerti
603 2233 645 2274 se·
661 2211 776 2287 doluit,
801 2211 918 2274 Caesar
940 2212 1071 2274 erubuit.
1118 2233 1193 2273 num
1219 2212 1361 2287 dubitas,
1384 2213 1459 2294 quin
1480 2222 1539 2275 se‘i

292 2321 342 2383 ille
365 2320 532 2383 Marcellus
549 2327 670 2406 tantus
702 2320 746 2380 uir
776 2320 820 2381 sic
843 2320 883 2380 ad
907 2318 1107 2381 tolerandum
1131 2340 1234 2402 aequo
1259 2321 1364 2382 animo
1389 2317 1511 2381 exilium

292 2447 387 2510 saepe
416 2427 602 2489 adhortatus
634 2427 693 2487 sit?
731 2426 819 2506 quod
850 2427 951 2506 patria
978 2446 1080 2500 cares,
1112 2446 1175 2487 non
1199 2435 1248 2488 est
1271 2427 1430 2488 miserum.
1472 2426 1512 2485 ita
1546 2487 1550 2494 ,

252 2547 278 2588 ²⁰
292 2543 325 2595 te
347 2533 516 2616 disciplinis
538 2532 672 2607 inbuisti,
695 2542 730 2594 ut
753 2534 847 2594 scires
870 2551 999 2593 omnem
1023 2507 1128 2594 locum
1152 2534 1284 2614 sapienti
1298 2534 1366 2594 uiro
1381 2533 1510 2614 patriam

294 2659 370 2704 esse.
417 2639 493 2719 quid
515 2643 632 2722 porro?
671 2639 729 2711 hic,
753 2640 805 2720 qui
827 2647 861 2700 te
884 2637 1013 2720 expulit,
1037 2659 1101 2701 non
1124 2640 1191 2720 ipse
1211 2661 1268 2722 per
1287 2659 1388 2702 annos
1405 2640 1510 2700 decem

293 2747 458 2808 continuos
481 2748 582 2828 patria
604 2747 721 2808 caruit?
752 2746 950 2826 propagandi
972 2747 1039 2807 sine
1061 2745 1160 2807 dubio
1182 2748 1292 2828 imperi
1312 2767 1426 2809 causa:
1457 2746 1510 2806 sed

293 2873 408 2936 nempe
438 2854 544 2914 caruit.
590 2873 673 2914 nune
705 2871 779 2913 ecce
808 2851 904 2913 trahit
934 2851 1020 2913 illum
1051 2854 1093 2914 ad
1124 2873 1158 2914 se
1186 2853 1308 2915 Africa*
1326 2853 1542 2934 resurgentis8

293 2959 365 3022 belli
389 2959 480 3021 minis
503 2957 612 3040 plena,
639 2959 734 3020 trahit
757 2958 925 3037 Hispania,
947 2977 1031 3037 quae
1052 2957 1166 3020 fractas
1190 2967 1222 3020 et
1245 2959 1389 3020 adflictas
1411 2967 1512 3040 partes

253 3083 280 3124 rs
295 3065 432 3140 refouet,
455 3065 550 3127 trahit
574 3065 745 3148 Aegyptus
767 3064 876 3138 infida,
899 3073 986 3125 totus
1008 3065 1143 3146 denique
1166 3066 1259 3140 orbis,
1283 3067 1337 3146 qui
1360 3067 1402 3126 ad
1424 3083 1511 3126 occa-

293 3174 415 3234 sionem
447 3174 589 3234 concussi
620 3172 741 3253 imperii
771 3173 907 3232 intentus
938 3180 994 3232 est.
1039 3173 1088 3232 cui
1118 3173 1254 3251 primum
1285 3172 1329 3233 rei
1354 3171 1511 3233 occunet?

294 3281 343 3342 cui
372 3280 453 3360 parti
484 3297 519 3341 se
552 3283 715 3361 opponet?
754 3287 829 3358 aget
851 3276 938 3338 illum
961 3297 1019 3359 per
1041 3297 1154 3339 omnes
1176 3287 1276 3340 terras
1300 3279 1430 3340 uictoria
1449 3296 1512 3338 sua.

294 3385 379 3447 illum
403 3385 572 3465 suspiciant
603 3394 635 3447 et
665 3384 770 3446 colant
801 3393 931 3464 gentes:
965 3393 999 3445 tu
1031 3386 1101 3446 uiue
1132 3385 1231 3446 Bruto
1262 3386 1412 3447 miratore
1439 3403 1510 3444 con-

294 3501 408 3554 tentus.
840 3499 846 3510 '

298 3795 309 3844 l
337 3791 468 3856 mytilenis
492 3791 530 3856 (iu
549 3807 635 3860 niarq.
654 3807 689 3845 ηπ.
709 3793 724 3843 3
744 3793 869 3858 mitilenis)
978 3793 994 3844 3
1025 3793 1133 3858 §adicit
1158 3789 1253 3861 (prior
1270 3808 1285 3840 a
1303 3791 1331 3843 iu
1347 3791 1403 3860 lirae
1419 3805 1511 3842 uersus

297 3878 400 3946 deletu,
426 3878 515 3932 alteru
539 3879 615 3932 linitio
633 3881 769 3948 sequentis
786 3879 892 3941 addita)
983 3882 999 3931 a
1024 3899 1040 3930 o
1060 3880 1220 3932 fortunatiore
1242 3881 1268 3944 (ο
1288 3875 1397 3933 mitetur
1413 3893 1509 3931 ucorr.

295 3967 401 4032 addim)
492 3967 508 4020 6
533 3970 681 4034 appmbauit
700 3974 728 4034 (p
744 3969 825 4038 prior
842 3969 927 4034 cort.)
1017 3969 1309 4023 medicatorum
1327 3967 1409 4038 uulqo

296 4057 311 4112 ἶ
336 4059 391 4108 exul
409 4059 432 4124 (s
449 4063 514 4110 ante
530 4073 546 4107 u
563 4057 657 4122 msa)
781 4060 849 4122 quod
868 4057 1032 4111 delatores:
1052 4076 1102 4123 quo
1227 4058 1262 4110 10
1289 4060 1408 4108 mitilenas

301 4217 327 4268 ll
356 4217 452 4282 precib3
555 4215 587 4268 12
611 4223 701 4266 mestus
795 4215 825 4268 lli
849 4155 1099 4287 maasiffllir,
1118 4235 1152 4272 m.
1172 4219 1238 4284 rec.)
1329 4217 1363 4270 17
1385 4219 1468 4266 reuerti
1487 4233 1510 4264 se

297 4337 462 4396 uenires:
482 4342 607 4392 mum
712 4340 742 4393 is
767 4344 799 4392 aa
818 4305 926 4392 lomus
1014 4343 1048 4396 aa
1074 4320 1169 4408 imperi
1247 4343 1295 4396 ,24
1319 4344 1416 4394 mseras
1434 4339 1458 4404 (r
1474 4353 1509 4390 ee

295 4465 313 4514 d
331 4467 415 4521 corr.)
505 4463 539 4516 ‘25
557 4442 660 4533 egyptiis
