3212 5326
281 323 362 384 114
618 314 699 358 nint..
714 315 740 358 V.
769 315 810 355 DE
824 313 877 354 lun
891 315 946 356 [ΑΒ.
961 315 1001 360 111.
1029 317 1162 360 34.35.36,

278 485 364 526 mam
389 463 521 544 captatis
545 463 724 524 criminatus
746 470 803 524 est.
840 461 892 524 hic
914 472 1054 525 scortum
1070 483 1177 525 meum
1194 464 1378 544 concupiuit.
1418 465 1531 543 quod3

278 570 434 634 uinculum
475 569 591 633 amoris
623 589 691 630 esse
723 567 878 644 debebat,
914 570 1074 632 seditionis
1105 579 1200 651 atque
1231 570 1295 631 odii
1324 589 1420 631 causa
1450 579 1505 644 est,
1593 643 1594 676 1

278 679 363 740 idern
399 677 488 738 uelle.
539 678 598 738 iter
630 685 798 756 angustum
830 676 914 737 rixas
946 677 1172 738 transeuntium
1204 677 1360 739 concitat:
1395 677 1506 740 diffusa
1593 687 1594 702 ³

181 809 185 818 ·
279 794 311 847 et
334 782 398 846 late
423 793 535 865 patens
558 784 607 844 uia
630 803 670 844 ne
693 781 829 864 populos
852 783 979 864 quidem
1003 782 1139 845 conlidit.
1179 783 1238 846 ista
1253 804 1335 865 quae
1350 784 1505 868 adpetitis,

253 892 352 972 aquia
384 891 500 970 exigua
528 899 600 952 sunt
623 909 683 950 nec
706 897 839 970 possunt
862 891 903 953 ad
927 889 1060 950 alterurn
1083 891 1140 951 nisi
1164 889 1253 952 alteri
1275 899 1385 973 erepta
1408 898 1505 952 trans-

279 996 358 1072 ferri,
382 998 495 1058 eadem
521 994 752 1058 adfectantibus
775 1015 898 1076 pugnas
921 1005 953 1057 et
976 997 1074 1076 iurgia
1097 997 1245 1058 excitant.

369 1103 506 1165 XXXV.
554 1103 769 1184 Respondisse
799 1102 854 1164 tibi
885 1123 1012 1164 seruum
1043 1104 1212 1184 indignaris
1241 1103 1455 1185 libertumque
1479 1110 1532 1166 etl

280 1231 415 1273 uxorem
447 1219 479 1271 et
510 1207 676 1272 clientem:
708 1209 823 1270 deinde
847 1209 931 1270 idern
956 1210 997 1270 de
1021 1207 1179 1290 republica
1201 1209 1381 1272 libertatem
1405 1209 1506 1271 subla-

280 1327 345 1380 tam
374 1318 529 1396 quereris,
559 1335 655 1397 quam
680 1316 768 1377 domi
791 1314 947 1377 sustulisti.
993 1336 1098 1377 rursus
1121 1317 1146 1378 si
1169 1317 1266 1378 tacuit
1288 1320 1506 1397 interrogatus,

241 1439 265 1478 ¹⁰
280 1424 512 1486 contumaciam
551 1443 656 1484 uocas,
703 1432 735 1484 et
773 1421 920 1503 loquatur
958 1432 990 1485 et
1025 1432 1129 1485 taceat
1167 1432 1199 1485 et
1238 1424 1358 1485 rideat:
1401 1435 1533 1487 coram?
1593 1451 1594 1454 ¹

281 1530 432 1591 domino?
462 1529 579 1611 inquis:
607 1530 708 1591 immo
732 1549 840 1591 coram
864 1539 955 1611 patre
977 1529 1119 1592 familiae.
1165 1530 1240 1610 quid
1265 1529 1403 1591 clamas?
1435 1531 1507 1610 quid

280 1634 478 1698 uociferaris?
510 1635 587 1717 quid
611 1635 739 1716 flagella
762 1637 867 1698 media
890 1656 968 1698 cena
991 1638 1088 1718 petis,
1120 1638 1207 1717 quod
1232 1638 1313 1698 serui
1336 1636 1505 1718 loquuntur

280 1735 367 1823 quod
398 1763 462 1804 non
492 1743 608 1804 eodem
640 1742 711 1804 loco
741 1743 835 1805 turba
858 1743 1012 1805 contionis
1035 1753 1097 1818 est,
1128 1742 1284 1805 silentium
1308 1744 1507 1826 solitudinis&

280 1849 310 1910 in
333 1848 396 1912 hoc
418 1848 517 1911 habes
540 1869 639 1924 aureS,
662 1859 782 1913 utnon
806 1850 970 1912 modulata
993 1859 1116 1912 tantum
1141 1861 1172 1912 et
1196 1850 1301 1912 mollia
1318 1862 1350 1913 et
1366 1871 1409 1912 ex
1426 1849 1504 1912 dulci
1522 1859 1534 1912 3

243 1978 267 2018 rs
282 1966 384 2019 tracta
413 1958 641 2039 conpositaque
672 1958 843 2040 accipiant:
878 1967 911 2018 et
935 1959 1030 2018 risum
1054 1959 1162 2020 audias
1185 1967 1314 2040 oportet
1338 1968 1370 2020 et
1393 1959 1507 2044 fletum,

281 2074 313 2126 et
336 2062 504 2126 blanditias
528 2073 560 2126 et
584 2063 668 2138 lites,
693 2074 901 2156 eflt'prospera
924 2074 956 2126 et
979 2064 1093 2138 tristia,
1118 2073 1151 2126 et
1173 2064 1337 2126 hominum
1362 2086 1457 2127 uoces
1480 2075 1508 2126 et

176 2184 179 2189 “
282 2171 422 2234 fremitus
446 2170 627 2233 animalium
651 2170 851 2251 latratusque.
882 2161 973 2252 'quid
1003 2171 1099 2232 miser
1121 2172 1306 2252 expauescis
1330 2173 1371 2234 ad
1394 2171 1506 2234 clamo·
1593 2175 1594 2182 ’

282 2299 350 2340 rem
373 2280 470 2352 serui,
495 2279 536 2340 ad
560 2278 704 2340 tinnitum
730 2279 809 2340 aeris
832 2286 887 2339 aut
910 2278 1020 2340 ianuae
1043 2277 1220 2359 inpulsum?
1251 2298 1323 2339 cum
1346 2287 1413 2340 tam
1438 2278 1506 2340 deli·
1593 2280 1594 2284 ’

283 2394 371 2447 catus
394 2385 494 2458 fueris
519 2386 657 2448 tonitrua
680 2385 836 2446 audienda
860 2393 940 2447 sunt.
983 2383 1046 2447 hoc
1068 2384 1154 2466 quod
1177 2384 1218 2446 de
1242 2385 1369 2447 auribus
1392 2386 1533 2447 dictuml

242 2508 268 2548 ro
283 2500 347 2565 est,
378 2490 511 2554 transfer
534 2493 576 2554 ad
600 2491 725 2566 oculos,
757 2492 897 2573 quinon
921 2492 1023 2553 minus
1046 2489 1171 2553 fastidio
1194 2489 1356 2566 laborant,
1380 2493 1405 2553 si
1429 2491 1505 2553 male

282 2599 411 2660 instituti
440 2609 527 2661 sunt:
563 2598 687 2660 macula
720 2598 921 2660 offenduntur
950 2608 983 2660 et
1013 2598 1160 2660 sordibus
1189 2607 1221 2659 et
1244 2608 1377 2678 argento
1400 2619 1505 2682 parum

281 2703 449 2786 splendido
481 2716 512 2768 et
542 2715 658 2786 stagno
689 2726 753 2766 non
784 2705 826 2766 ad
856 2704 960 2766 solum
991 2704 1182 2786 perlucente.
1227 2705 1258 2764 hi
1282 2723 1398 2784 nempe
1421 2703 1533 2776 oculib

281 2815 334 2892 qui
364 2832 428 2872 non
458 2811 560 2875 ferunt
592 2813 648 2873 nisi
679 2812 799 2874 uarium
831 2787 868 2873 ac
900 2811 1018 2872 recenti
1049 2831 1124 2872 cura
1146 2811 1247 2873 nitens
1271 2830 1428 2885 marmor,
1458 2810 1505 2890 qui

216 2943 232 3011 ,-
283 2938 425 2980 mensam
456 2919 514 2979 nisi
545 2919 661 2980 crebris
693 2919 871 2985 distinctam
896 2919 998 2991 uenb,
1031 2918 1084 2998 qui
1107 2917 1219 2984 nolunt
1244 2917 1332 2979 domi
1356 2917 1412 2979 nisi
1433 2936 1504 2978 auro

242 3041 268 3081 25
282 3025 469 3104 pretio‘iora
499 3023 628 3100 calcari,
659 3025 849 3105 aequissimo
880 3025 986 3086 animo
1017 3023 1092 3086 foris
1123 3033 1155 3085 et
1178 3024 1307 3086 scabras
1330 3019 1504 3114 lutosasque

282 3131 410 3192 semitas
448 3141 593 3212 spectant
631 3140 664 3193 et
702 3132 856 3193 maiorem
896 3139 1020 3212 partem
1058 3131 1288 3194 occurrentium
1305 3173 1310 3183 -
1329 3128 1503 3210 squalidam,

283 3238 417 3318 parietes
448 3237 617 3300 insularum
647 3259 779 3313 exesos,
811 3239 963 3312 rimosus
995 3236 1182 3317 inaequales.
1227 3237 1303 3317 quid
1329 3257 1405 3318 ergo
1428 3235 1504 3297 aliud

284 3353 340 3416 est,
364 3345 451 3425 quod
475 3343 544 3406 illos
567 3347 599 3406 in
622 3343 749 3426 publico
770 3364 835 3406 non
852 3344 1002 3418 offendat,
1028 3346 1116 3406 domi
1133 3353 1271 3418 moueat,
1294 3363 1390 3423 quam
1407 3341 1503 3422 opinio

284 3448 344 3510 illic
368 3470 469 3531 aequa
492 3461 524 3513 et
548 3454 679 3531 patiens
705 3453 793 3513 dorni
818 3471 946 3514 morosa
970 3461 1001 3513 et
1024 3449 1172 3532 querula?
1421 3525 1423 3531 Ι

243 3574 269 3614 30
373 3557 525 3619 XXXVI.
559 3557 681 3630 Omnes
697 3579 806 3620 sensus
822 3559 1015 3638 perducendi
1031 3567 1104 3619 sunt
1119 3558 1161 3619 ad
1176 3557 1370 3619 firmitatem.
1403 3561 1530 3618 natural
1593 3595 1594 3598 =

284 3665 440 3742 patientes
471 3674 558 3740 sunt,
590 3668 615 3727 si
647 3668 769 3727 animus
793 3664 864 3727 illos
887 3666 980 3727 desiit
1004 3683 1222 3744 corrumpere,
1254 3667 1307 3746 qui
1331 3665 1444 3726 cotidie
1463 3661 1501 3722 ad

289 3930 432 3994 lcaptatis
452 3925 581 3998 Maduiq:
609 3935 720 3996 captatus
820 3882 914 3995 2aflq;
937 3931 979 3979 odi
1074 3929 1206 3981 dcollidit
1304 3930 1417 3995 appetitis

286 4071 301 4124 6
328 4073 497 4122 affectantibus
593 4025 670 4124 7ibi
763 4071 780 4124 8
805 4072 879 4120 dere
899 4082 924 4136 p.
1009 4070 1025 4123 9
1050 4075 1117 4136 quit*
1241 4071 1272 4124 12
1297 4073 1424 4136 loquuntur
1440 4080 1501 4120 enus

286 4158 468 4214 deteriorum:
494 4161 622 4225 loquantur
721 4159 753 4214 13
773 4161 900 4210 concionis
990 4166 1043 4208 est*
1158 4158 1191 4210 1'8
1215 4161 1264 4224 eris
1288 4159 1363 4227 (ante
1380 4177 1393 4222 t
1411 4169 1500 4210 restra

284 4248 368 4302 unitis
386 4246 503 4314 litterae)
583 4248 616 4301 25
636 4250 727 4300 calcari
746 4248 838 4302 neseio
857 4247 931 4316 quis:
953 4249 1050 4298 calcare
1134 4247 1168 4300 27
1188 4250 1254 4298 aliud
1274 4249 1301 4315 (d
1321 4264 1359 4302 ex
1378 4255 1385 4296 t
1403 4241 1498 4314 effecte)

372 4337 405 4391 28
419 4338 485 4402 quod
499 4339 525 4386 iu
538 4339 605 4402 quod
617 4338 672 4387 illos
687 4335 777 4400 Gertz,
790 4335 841 4391 sed
853 4337 979 4406 opinione
992 4353 1039 4390 eos
1051 4338 1162 4403 eroum,
1175 4353 1229 4389 non
1243 4336 1332 4404 rebus,
1346 4340 1427 4406 psum
1439 4329 1501 4386 illud

288 4431 328 4479 est
348 4425 423 4496 quod
440 4426 559 4496 seruator
578 4426 745 4480 demonstret
823 4424 856 4478 29
869 4426 969 4490 querula
1042 4425 1075 4478 31
1090 4427 1161 4476 desiit
1175 4423 1340 4480 deteriores:
1362 4426 1419 4474 desit
