3212 5326
285 356 327 416 72
651 347 730 388 DlAL.
746 347 784 390 IV,
813 347 919 387 berun
934 347 989 390 uu.
1005 346 1034 387 ll.
1061 347 1145 390 ann.

282 505 430 579 apparet,
460 515 532 557 cum
564 494 715 576 quidquid
746 493 816 556 leue
846 503 879 555 et
900 493 993 555 inane
1016 495 1047 554 in
1069 493 1177 556 animo
1200 503 1281 567 erat,
1314 493 1454 554 secunda
1476 487 1530 554 se'

282 621 359 665 aura
381 601 513 663 sustulit
550 600 680 662 felicitas
702 601 895 662 iracundiam
917 602 1023 675 nutrit,
1046 601 1099 662 ubi
1122 621 1214 662 aures
1228 599 1382 680 superbas
1398 600 1506 660 adsen-

283 717 423 771 tatorum
452 707 548 769 turba
578 707 802 769 circumstetit:
842 707 899 768 tibi
930 709 1013 768 enim
1037 707 1088 768 ille
1116 707 1326 788 respondeat?
1364 725 1431 766 non
1452 725 1507 785 pro

283 813 409 894 fastigio
432 823 464 875 te
486 823 544 875 tuo
566 814 703 874 metiris:
740 815 808 894 ipse
829 823 863 875 te
884 813 1007 894 proicis,
1067 821 1100 875 et
1122 813 1184 874 alia
1206 813 1320 894 quibus
1342 811 1397 872 uix
1419 831 1508 872 sanae

256 931 317 986 set
346 921 389 983 ab
419 921 505 982 initio
535 920 619 982 bene
649 919 800 981 fundatae
829 928 955 982 mentes
985 921 1163 982 restiterirrt.
1207 921 1305 1000 longe
1319 919 1442 1000 =itaque
1471 917 1539 982 ab8

283 1028 504 1090 adsentatione
530 1027 663 1108 pueritia
689 1027 887 1087 remouenda
910 1036 967 1088 est
1012 1028 1120 1088 audiat
1142 1047 1252 1089 uerum
1276 1037 1310 1088 et
1331 1027 1445 1087 timeat
1467 1026 1507 1084 in-

283 1136 384 1209 terim,
408 1143 555 1195 uereatur
575 1153 710 1214 semper.
748 1133 921 1194 maioribus
943 1134 1103 1213 adsurgat
1141 1132 1216 1193 nihil
1239 1153 1296 1214 per
1318 1131 1509 1194 iracundiam

282 1250 406 1302 exoret
450 1239 540 1321 quod
562 1238 649 1302 flenti
678 1249 831 1319 negatum
862 1238 962 1314 fuerit,
989 1241 1098 1321 quieto
1129 1239 1287 1301 offeratur.
1333 1250 1366 1301 et
1389 1240 1509 1301 diuitias

283 1348 460 1429 parentium
496 1347 528 1405 in
566 1354 740 1427 conspectu
769 1345 900 1419 habeat,
930 1365 995 1407 non
1025 1346 1057 1406 in
1087 1366 1155 1408 usu.
1207 1346 1444 1426 exprobrentur
1473 1344 1509 1405 illi

244 1479 269 1518 ro
282 1473 449 1535 perperam
482 1452 573 1514 facta.
618 1452 788 1534 pertinebit
819 1453 860 1513 ad
892 1471 960 1512 rem
991 1461 1216 1532 praeceptores
1238 1453 1539 1533 paedagogosquel

282 1561 386 1640 pueris
408 1559 551 1641 placidos
575 1559 650 1620 dari.
695 1559 851 1639 proximis
873 1557 1050 1640 adplicatur
1072 1578 1168 1619 omne
1191 1560 1279 1639 quod
1301 1568 1450 1620 tenerum
1466 1567 1510 1619 est

282 1673 316 1727 et
352 1665 385 1726 in
417 1684 528 1726 eorum
559 1665 793 1726 similitudinem
824 1665 944 1726 crescit
996 1666 1153 1727 nutricum
1183 1673 1216 1726 et
1246 1665 1510 1745 paedagogorum

250 1756 254 1764 ¹
282 1770 432 1833 rettulere
454 1791 534 1833 mox
557 1770 805 1832 adulescentium
828 1791 943 1832 mores
981 1773 1068 1851 apud
1083 1771 1250 1832 Platonem
1266 1771 1422 1832 educatus
1437 1791 1511 1852 puer
1522 1776 1547 1830 10

282 1896 356 1940 cum
379 1878 422 1938 ad
444 1885 592 1959 parentes
618 1876 739 1938 relatus
767 1876 993 1939 uociferantem
1015 1879 1139 1939 uideret
1160 1887 1298 1957 patrem,
1328 1896 1511 1958 numquam,

245 2007 268 2048 rs
282 1983 394 2064 inquit,
427 1983 490 2047 hoc
519 1985 604 2066 apud
627 1983 795 2046 Platonem
825 1985 896 2045 uidi.
942 2005 1007 2044 non
1035 1984 1146 2044 dubito
1169 1985 1245 2063 quin
1268 1983 1356 2044 citius
1387 1993 1511 2062 patrem

281 2091 422 2152 imitatus
449 2091 489 2152 sit
512 2111 608 2172 quam
631 2090 807 2152 Platonem.
852 2091 955 2152 tenuis
977 2100 1052 2151 ante
1074 2091 1183 2151 omnia
1205 2091 1305 2151 uictus
1327 2089 1374 2150 sit
1393 2100 1430 2151 et
1452 2085 1516 2150 non’
1523 2096 1549 2148 11

282 2197 422 2278 pretiosa
444 2198 540 2258 uestis
564 2206 596 2259 et
618 2196 725 2258 similis
748 2195 849 2258 cultus
872 2217 945 2257 cum
968 2196 1171 2277 aequalibus:
1205 2216 1272 2258 non
1286 2197 1442 2258 irascetur
1464 2195 1512 2256 ali-

282 2323 379 2385 quem
402 2303 461 2365 sibi
485 2304 650 2385 conparari
672 2323 768 2384 quern
792 2302 834 2364 ab
857 2303 944 2364 initio
969 2303 1074 2364 multis
1097 2322 1207 2382 parem
1230 2301 1349 2364 feceris

373 2409 475 2470 XXII.
498 2408 565 2472 Sed
587 2409 668 2471 haec
690 2409 731 2471 ad
746 2408 862 2470 liberos
878 2418 1004 2470 nostros
1020 2410 1196 2490 pertinent:
1223 2410 1253 2470 in
1269 2408 1361 2469 nobis
1384 2409 1514 2489 quidem
1531 2411 1543 2462 1

243 2538 269 2578 20
283 2533 353 2576 sors
376 2516 526 2576 nascendi
548 2524 582 2579 et
604 2515 750 2576 educatio
774 2535 832 2577 nec
855 2515 919 2576 uitii
942 2514 1048 2576 locum
1064 2535 1124 2576 nec
1146 2516 1209 2575 iam
1229 2515 1391 2596 praecepti
1408 2515 1514 2576 habet.

283 2622 447 2700 sequentia
477 2622 653 2683 ordinanda
683 2629 763 2683 sunt.
810 2630 920 2683 contra
952 2622 1070 2702 primas
1099 2621 1206 2701 itaque
1238 2641 1349 2682 causas
1371 2632 1544 2702 pugnaret

284 2728 457 2790 debemus:
487 2748 593 2790 causa
622 2737 729 2790 autem
760 2727 938 2789 iracundiae
969 2728 1076 2808 opinio
1106 2727 1234 2788 iniuriae
1265 2734 1332 2801 est;
1375 2729 1428 2788 cui
1452 2747 1514 2788 non

283 2833 373 2896 facile
404 2837 598 2898 credendum
637 2843 694 2896 est.
740 2855 781 2894 ne
811 2834 927 2915 apertis
964 2835 1093 2915 quidem
1132 2832 1368 2914 manifestisque
1406 2834 1514 2895 statim
1583 2855 1589 2872 ·

283 2943 510 3003 accedendum.
555 2941 713 3023 quaedam
744 2941 830 3002 enim
857 2939 936 3002 falsa
958 2941 1023 3003 ueri
1053 2941 1192 3021 speciem
1216 2943 1326 3001 ferunt.
1372 2939 1543 3004 dandum3

243 3071 269 3112 rs
283 3067 410 3129 semper
433 3055 482 3110 est
503 3056 649 3130 tempus:
685 3049 852 3109 ueritatem
882 3048 950 3108 dies
980 3047 1089 3128 aperit.
1134 3067 1175 3107 ne
1205 3047 1266 3108 sint
1297 3066 1388 3108 aures
1414 3047 1514 3108 crimi-
1562 3109 1568 3115 ,

282 3153 436 3230 nautibus¹
453 3153 577 3215 faciles:
614 3153 682 3215 hoc
708 3155 867 3215 humanae
895 3162 1025 3215 naturae
1048 3154 1157 3214 uitium
1180 3163 1370 3234 suspectum,
1386 3163 1514 3214 notum-

283 3278 346 3340 que
361 3259 454 3321 nobis
476 3262 525 3335 sit,
548 3261 635 3342 quod
651 3271 732 3342 quae
754 3261 841 3322 inuiti
858 3260 1011 3334 audimus,
1034 3259 1168 3320 libenter
1188 3260 1345 3321 credimus
1369 3269 1403 3321 et
1427 3271 1514 3322 ante-

283 3385 380 3446 quam
396 3366 577 3442 iudicemus,
595 3367 764 3429 irascimur.
796 3367 881 3448 quid,
904 3367 993 3447 quod
1016 3385 1081 3426 non
1096 3365 1363 3427 criminationibus
1378 3374 1514 3440 tantum,
1531 3373 1546 3426 4

282 3471 341 3532 sed
371 3473 602 3552 suspicionibus
631 3472 807 3554 inpellimur
845 3481 878 3534 et
915 3492 958 3533 ex
988 3471 1077 3533 uoltu
1109 3472 1234 3552 risuque
1271 3471 1374 3534 alieno
1405 3473 1516 3554 peiora

244 3598 269 3638 30
283 3578 478 3657 interpretati
507 3580 727 3642 innocentibus
757 3580 938 3640 irascimur?
970 3578 1077 3660 itaque
1107 3578 1242 3656 agenda,
1265 3586 1314 3639 est
1341 3587 1460 3644 ¹contra
1483 3597 1516 3639 se

284 3703 377 3745 causa
407 3684 546 3746 absentis
577 3693 610 3746 et
639 3685 671 3747 in
702 3705 855 3765 suspenso
878 3685 925 3746 ira
952 3684 1124 3746 retinenda.
1169 3692 1278 3766 potest
1300 3684 1385 3746 enim
1408 3703 1515 3766 poena

284 3789 381 3851 dilata
404 3791 496 3871 exigi,
519 3811 584 3852 non
606 3798 715 3873 potest
737 3797 852 3854 exacta
874 3790 1024 3852 reuocari.

286 4054 296 4105 1
320 4054 438 4120 quidquid
458 4053 548 4123 (prior
566 4055 583 4102 d
602 4052 685 4120 corr.)
764 4055 859 4107 secuda
878 4055 942 4120 (uda
960 4053 989 4106 in
1006 4056 1076 4120 ras.)
1161 4053 1178 4106 2
1197 4059 1374 4104 assentatorum
1393 4053 1487 4122 (prior
1504 4070 1515 4103 s

287 4143 370 4209 conr.)
443 4143 459 4194 5
479 4144 608 4192 restiterint
626 4139 766 4197 Muretus:
788 4144 922 4192 restiterunt
996 4142 1011 4194 6
1031 4143 1195 4193 assentatione
1213 4141 1307 4211 (prior
1325 4159 1336 4192 s
1355 4144 1442 4205 corr.)

286 4267 301 4318 7
321 4225 425 4333 adsurgat
445 4268 469 4333 (r
487 4281 520 4318 m,
537 4266 593 4335 pr.)
671 4267 703 4318 11
724 4269 861 4332 applicatur
880 4266 969 4337 (prior
987 4285 1004 4332 p
1023 4269 1106 4328 corr.)
1187 4265 1219 4318 13
1239 4265 1350 4315 rettulere
1370 4267 1468 4332 (totum
1488 4265 1513 4316 in

287 4355 354 4420 ras.)
428 4356 621 4405 adulescentium
639 4353 748 4422 Haupt:
769 4355 964 4406 inadolescentia
984 4359 1011 4420 (o
1030 4355 1114 4421 corr.)
1189 4353 1222 4406 16
1236 4355 1270 4409 sit
1289 4351 1398 4406 addidit
1415 4351 1515 4406 Haase

374 4442 408 4496 24
429 4444 578 4496 adcedendu
668 4444 730 4492 falsa
749 4445 799 4492 ueri
818 4443 855 4509 (sa
873 4445 924 4493 ueri
942 4443 970 4496 in
989 4443 1056 4511 ras.)
1147 4441 1181 4494 27
1200 4443 1299 4507 quodq:
1392 4442 1425 4495 31
1448 4457 1514 4506 pena
