3234 5336
442 386 613 430 PRAEFATIO
628 386 777 430 IOHANNIS
792 387 935 432 vultuum.

91 543 137 632 put
157 534 240 614 apud
262 531 445 594 Petronium
469 551 494 596 c.
519 537 557 596 41

129 668 178 710 uos
199 647 364 710 libertatem
386 651 449 710 sine
471 657 599 727 tyranno
621 653 702 711 nocti

91 763 200 844 aliaque
238 762 339 825 multa
374 782 456 843 quae
495 762 642 844 colligere
674 763 747 825 nihil
778 764 908 844 attinet;
949 761 1023 825 illud
1055 763 1215 826 addidisse
1244 783 1309 826 non

91 877 183 939 inutile
206 877 374 952 videbitur,
398 896 438 938 ne
455 875 584 939 Graecis
607 877 734 958 quidem
759 897 823 939 non
847 889 1031 940 consuetam
1056 879 1138 940 hanc
1160 878 1309 959 loquendi

92 993 304 1054 abundantiam
346 990 454 1066 fuisse,
493 1011 589 1072 quam
620 991 712 1054 Plato
743 981 807 1054 non
844 991 1007 1072 defugiens
1038 1013 1110 1055 cum
1138 993 1311 1074 scripsisset

92 1101 148 1189 πρό
183 1108 243 1168 τοῦ
276 1101 336 1167 οὐκ
368 1101 500 1175 εἰωθώς
531 1101 635 1166 ἄνευ
666 1101 923 1168 ἀκολούθου
952 1102 1086 1186 μόνος
1108 1103 1177 1187 μετ’
1205 1103 1308 1168 αὐτοῦ

92 1224 270 1300 γίγνεσθαι,
295 1217 372 1282 τότε
397 1217 614 1300 ἀποπέμπων
637 1217 700 1282 τόν
732 1217 925 1284 ἀκόλουθον
947 1217 1051 1300 μόνος
1075 1219 1309 1305 σννεγιγνόμην

92 1337 116 1397 in
136 1337 299 1418 symposio
318 1338 378 1399 217
403 1358 431 1411 a,
455 1338 723 1417 compescendam
740 1323 826 1398 hanc'
837 1337 991 1398 luxuriem
1008 1338 1065 1400 rati
1080 1357 1307 1419 supervacuum

76 1451 155 1513 ‘illud
165 1447 268 1531 μόνος
284 1453 498 1532 dempserunt,
515 1453 631 1514 eodem
646 1451 792 1514 videlicet
807 1471 913 1514 errore
926 1453 1049 1534 abrepti
1057 1473 1120 1534 quo
1130 1452 1308 1534 Madvigius

92 1577 118 1627 et
138 1567 242 1648 reliqui
266 1565 318 1630 illa
333 1565 474 1630 Senecae
498 1571 599 1628 irritus
621 1571 684 1628 siue
705 1571 812 1643 effectu
835 1575 1009 1630 curtamnt:
1037 1577 1070 1630 et
1093 1577 1199 1630 tamen
1223 1569 1308 1630 idem

92 1681 169 1745 Plato
193 1683 223 1744 in
247 1683 364 1746 eodem
388 1683 555 1764 symposio
575 1701 606 1763 p.
624 1684 687 1746 215
705 1702 723 1744 c
742 1682 836 1764 plane
851 1683 893 1745 ad
910 1684 1046 1744 eundem
1063 1702 1186 1745 morem
1202 1682 1310 1745 scribit

422 1791 504 1858 ἄνευ
528 1791 681 1880 ὀργάνων
705 1794 821 1880 ψιλοῖς
845 1792 956 1875 λόγοις

92 1913 281 1995 similiterque
304 1894 425 1976 iocatur
448 1912 681 1994 Aristophanes
705 1913 734 1974 in
758 1913 937 1992 Lysistrata
964 1913 1023 1974 143

633 2022 1088 2107 fflmwmfflm

315 2147 474 2221 γυναῖκας
497 2137 613 2204 ὑπνῶν
637 2140 703 2204 ἐστ’
728 2137 811 2203 ἄνευ
834 2139 954 2228 ψωλᾶς
977 2138 1095 2222 μόνας,

91 2279 141 2320 nec
162 2279 250 2321 secus
274 2269 328 2320 aut
351 2259 503 2321 Pindarus
527 2259 619 2320 Nem.
644 2261 673 2333 3,
697 2261 738 2320 34
764 2255 846 2338 (coll.
870 2257 964 2338 Pyth.
989 2263 1017 2332 s,
1043 2257 1099 2342 27)

355 2362 604 2452 Ἰωλκόνεῖλκε
627 2367 731 2451 μόνος
754 2366 836 2432 ἄνευ
860 2373 1022 2454 στρατιᾶς

92 2498 137 2549 aut
159 2487 339 2568 Aeschylus
363 2488 479 2570 Agam.
507 2491 569 2550 759
594 2487 634 2548 D.

407 2601 482 2680 δίχα
508 2597 537 2662 d‘
565 2597 678 2663 ἄλλων
701 2598 885 2685 μονόφρων
908 2601 978 2682 sipi

93 2728 139 2781 aut
161 2717 337 2800 Sophocles
360 2718 491 2781 Philoct.
517 2723 555 2780 31

362 2827 429 2922 ὁρῶ
455 2828 552 2913 κενὴν
576 2831 706 2914 οἴκησιν
731 2827 929 2916 ἀνθρώπων
954 2831 1030 2909 δίχα

93 2948 209 3030 aliisque
232 2950 310 3012 locis
332 2948 547 3032 pluribusshic
570 2947 630 3011 illic
654 2949 694 3010 ab
718 2948 940 3029 interpretibus
963 2949 1083 3011 notatis
1105 2948 1202 3011 locuti
1218 2957 1306 3009 sunt:

93 3072 121 3124 et
142 3066 268 3127 omnino
292 3063 366 3125 nihil
390 3064 420 3124 in
443 3063 554 3127 litteris
571 3062 700 3126 Graecis
724 3062 916 3144 frequentius
939 3072 987 3126 est
1009 3064 1082 3125 inde
1105 3063 1146 3124 ab
1170 3063 1310 3125 carmini-

94 3177 145 3240 bus
167 3179 351 3242 Homericis.

171 3295 227 3357 Ad
243 3293 390 3357 Helviam
408 3303 543 3356 matrem
561 3295 601 3356 de
618 3253 876 3356 consolationec.
896 3297 923 3370 8,
947 3315 976 3375 p.
995 3293 1124 3364 15424
1143 3299 1312 3355 emetiamur

94 3427 281 3488 quoscumque
304 3419 421 3474 terras:
444 3415 553 3470 nullum
578 3413 708 3472 inueniri·
725 3414 844 3472 exilium
859 3413 939 3471 iutra
954 3413 1209 3486 nondumpotest,
1233 3413 1314 3486 quod

94 3529 208 3586 alienum
233 3529 343 3587 homini
363 3531 408 3587 sit.
456 3523 504 3587 lta
520 3523 663 3586 Kochius
687 3523 766 3585 haec
788 3544 869 3606 quae
885 3525 1004 3585 suntin
1020 3525 1254 3586 codicenullum
1271 3531 1311 3584 in-

93 3644 175 3701 ueniri
197 3645 325 3702 atilium
348 3644 427 3701 intro
450 3644 587 3701 inondum
612 3651 653 3702 esi
678 3645 803 3702 alionum
826 3643 933 3702 homini
949 3649 991 3701 est
1006 3638 1225 3712 conformavit,
1248 3637 1313 3699 sere

94 3761 121 3812 ut
134 3754 267 3817 Haasius
291 3755 387 3816 edidit
410 3759 519 3816 uultum
542 3760 666 3817 inueniri
690 3760 806 3818 exilium
830 3760 911 3817 intro
926 3759 1172 3832 nondumpotest
1187 3759 1312 3816 alienum

95 3869 208 3932 homini:
240 3878 351 3932 neuter
382 3871 525 3932 oratione
548 3872 624 3933 satis
647 3872 688 3933 ad
712 3872 901 3934 sententiam
925 3869 1171 3932 accommodata
1193 3877 1247 3930 aut
1270 3868 1312 3929 ad

95 3985 226 4046 codicem
263 3983 443 4047 accedente.
503 3984 633 4066 Quanto
670 3985 780 4047 melius
811 3985 990 4066 Madvigius
1022 3983 1147 4046 defectu
1177 3990 1309 4045 notato:

24 4155 29 4174 ,
95 4104 190 4160 οωίνω
212 4104 339 4162 inueniri
362 4104 480 4162 exitum
503 4105 582 4163 intro
605 4105 742 4163 muudum
767 4103 885 4179 [potrsh
908 4105 1017 4164 nullum
1039 4103 1112 4161 enim
1127 4105 1218 4162 solum
1233 4082 1314 4159 intro

95 4219 230 4290 mundum]
264 4219 389 4278 alienum
420 4219 527 4278 homini
559 4228 608 4278 esi.
654 4216 721 4278 Nisi
749 4217 837 4298 quod
860 4217 904 4278 sic
927 4217 1057 4278 demum
1081 4214 1173 4295 plene
1197 4212 1314 4275 codicis

95 4329 266 4392 testimonio
307 4329 449 4394 satisfieri
488 4332 613 4394 videtur
650 4334 676 4394 si
707 4331 870 4394 scribimus
901 4336 1010 4392 nullum
1040 4333 1166 4392 intrentrt
1195 4331 1313 4390 auitum

96 4443 165 4506 iutro
195 4451 332 4534 mundum
364 4448 489 4524 [poleam
521 4451 594 4509 nibil
622 4451 695 4509 enim
728 4452 808 4525 quod
835 4451 913 4508 iutro
937 4447 1084 4522 mundum]
1111 4453 1161 4520 esi,
1186 4448 1314 4506 alionum
