3212 5326
420 317 423 326 ¹
463 353 541 398 nuru.
557 354 583 399 v.
613 355 652 396 nn
668 354 718 396 unu
734 354 788 398 uuo.
805 355 845 400 nr.
873 359 907 400 nu.
922 357 957 402 un.
1260 363 1321 426 107
1420 395 1426 416 2

90 513 96 563 t
187 499 309 564 XXIV.
341 500 434 564 Dicat
458 501 562 582 ltaque
586 500 643 564 sibi
667 501 812 584 quisque,
841 501 986 583 quotiens
1009 502 1195 577 lacessetur‚
1234 523 1323 566 num-

113 607 173 688 quid
203 609 367 690 potentior
397 627 467 670 sum
492 607 656 690 Philippo?
695 608 736 672 illi
764 619 872 672 tamen
895 609 1011 691 inpune
1039 607 1243 674 maledictum
1267 619 1316 672 est

112 715 250 797 numquid
281 717 311 778 in
344 716 443 780 domo
475 733 547 778 mea
577 713 646 797 plus
677 735 809 797 possum
841 735 936 798 quam
967 725 1039 780 toto
1071 717 1150 778 orbe
1173 724 1325 778 terrarum

112 821 185 882 diuus
209 819 377 902 Augustus
408 821 530 902 potuit?
570 820 619 884 ille
651 831 758 886 tamen
789 831 958 886 contentus
990 820 1046 885 luit
1074 821 1326 886 aconuiciatore

87 939 158 990 lsuo
178 927 337 990 secedere.
383 929 458 1010 quid
482 936 531 992 est
553 947 650 1010 quare
674 947 736 1010 ego
759 929 840 992 serui
865 929 926 992 mei
950 927 1060 992 clarius
1084 949 1269 1010 responsum
1294 940 1326 992 et
1341 948 1351 986 n

111 1035 368 1097 contumaciorem
400 1034 522 1099 uoltum
554 1043 585 1098 et
616 1047 681 1098 non
712 1035 949 1116 peruenientem
980 1036 1143 1118 usquead
1167 1055 1219 1098 me
1243 1055 1324 1098 mur-

111 1142 307 1204 murationem
347 1139 477 1223 flagellis
516 1151 549 1204 et
586 1141 783 1223 conpedibus
813 1143 964 1224 expiem?
1016 1143 1085 1224 quis
1117 1163 1203 1217 sum,
1242 1143 1327 1204 cuius

110 1265 186 1308 aures
210 1246 294 1309 laedi
318 1246 404 1310 nesas
428 1249 487 1311 sit?
526 1249 715 1330 ignouerunt
738 1247 826 1312 multi
850 1249 1009 1312 hostibus:
1045 1267 1107 1330 ego
1131 1269 1196 1312 non
1220 1249 1325 1330 ignos-

85 1363 168 1416 lcam
183 1355 291 1435 pigris,
315 1354 565 1437 neglegentibus,
582 1355 734 1436 garrulis?
766 1375 899 1437 puerum
915 1364 1003 1418 aetas
1020 1365 1160 1430 excuset,
1177 1354 1326 1418 seminam

109 1481 200 1536 sexus,
225 1471 414 1524 extraneum
438 1445 576 1538 libertas,
601 1464 814 1526 domesticum
839 1460 1038 1526 familiaritas.
1085 1482 1167 1525 nunc
1189 1463 1366 1544 primumn

109 1569 244 1632 offendit:
287 1571 464 1650 cogitemus
495 1565 645 1651 quamdiu
678 1569 838 1651 placuerit.
884 1589 980 1650 saepe
1010 1577 1043 1631 et
1073 1567 1148 1632 alias
1171 1569 1323 1632 offendit:

108 1671 238 1754 ieramus,
258 1677 347 1756 quod
371 1677 423 1738 diu
438 1675 574 1741 tulimus.
606 1679 725 1743 amicus
742 1685 808 1740 est:
835 1675 908 1740 lecit
924 1674 1011 1758 quod
1028 1675 1134 1740 noluit.
1166 1676 1324 1739 inimicus:

83 1789 92 1839 l
109 1779 169 1842 lecit
200 1783 291 1863 quod
323 1781 440 1846 debuit.
495 1783 689 1864 prudentiori
723 1783 907 1846 credamus:
957 1782 1091 1846 stultiori
1121 1784 1327 1846 remittamus.

108 1907 158 1968 pro
186 1908 391 1971 quocumque
415 1888 490 1951 illud
514 1889 605 1952 nobis
629 1891 896 1971 respondeamus,
917 1869 1176 1971 ’sapientissimos
1200 1909 1328 1972 quoque

109 1996 182 2057 uiros
214 1995 316 2058 multa
339 1995 531 2076 delinquere,
562 1999 720 2060 neminem
745 2017 814 2060 esse
837 2005 904 2060 tam
929 1997 1208 2077 circumspectum,
1241 1999 1326 2060 cuius
1343 2015 1366 2054 n
1448 2075 1456 2088 ἱ

108 2121 163 2163 non
185 2101 350 2184 diligentia
373 2102 541 2184 aliquando
565 2104 624 2166 sibi
648 2107 715 2184 ipsa
739 2105 874 2179 excidat,
899 2105 1057 2166 neminem
1073 2113 1140 2166 tam
1158 2114 1325 2178 maturum,

108 2210 182 2270 cuius
214 2229 280 2272 non
311 2211 499 2290 grauitatem
530 2213 560 2272 in
585 2209 712 2291 aliquod
741 2209 889 2273 feruidius
913 2208 1030 2273 lactum
1059 2229 1149 2272 casus
1173 2210 1325 2291 inpingat,

108 2317 258 2378 neminem
290 2324 358 2378 tam
390 2318 536 2382 timidum
567 2317 773 2393 offensarum,
804 2320 857 2398 qui
885 2319 1004 2380 nonin
1028 2316 1108 2391 illas,
1140 2315 1216 2379 dum
1241 2319 1328 2391 uitat,

107 2423 224 2485 incidat.

84 2543 88 2592 1
188 2529 294 2592 XXV.
327 2527 504 2612 Quomodo
528 2530 648 2594 homini
672 2529 786 2612 pusillo
809 2529 962 2594 solacium
986 2533 1017 2592 in
1038 2529 1128 2592 malis
1144 2528 1210 2604 suit,
1232 2531 1327 2592 etiam
1343 2545 1368 2586 uu

108 2653 288 2716 magnorum
314 2639 450 2700 uirorum
474 2637 611 2702 titubare
635 2637 802 2713 fortunam,
828 2648 860 2701 et
884 2639 1032 2719 aequiore
1055 2639 1161 2699 animo
1185 2635 1282 2698 filium
1298 2638 1329 2697 in

107 2742 215 2823 angulo
247 2742 348 2820 fleuit,
379 2746 431 2826 qui
461 2746 540 2809 uidit
573 2745 689 2808 acerba
721 2745 829 2808 lunera
859 2747 955 2807 etiam
987 2763 1029 2806 ex
1053 2745 1140 2824 regia
1163 2743 1250 2804 duci:
1285 2744 1330 2804 sic

107 2851 205 2912 animo
228 2853 379 2932 aequiore
401 2849 461 2914 lert
484 2850 525 2915 ab
550 2851 655 2934 aliquo
678 2851 775 2927 laedi,
805 2850 847 2914 ab
871 2849 975 2933 aliquo
999 2849 1168 2922 contemni,
1191 2850 1327 2910 cuicum·-

107 2974 162 3036 que
185 2960 270 3020 uenit
293 2960 323 3021 in
348 2955 489 3022 mentem
513 2959 630 3022 nullam
655 2979 724 3022 esse
748 2967 870 3023 tantam
894 2959 1081 3039 potentiam,
1105 2958 1136 3018 in
1151 2975 1248 3036 quam
1264 2974 1329 3016 non

80 3063 236 3127 lincurrat
267 3066 383 3130 iniuria.
428 3068 517 3149 quod
548 3069 572 3132 si
597 3069 693 3130 etiam
718 3066 951 3148 prudentissimi
975 3072 1122 3146 peccant,
1153 3063 1239 3125 cuius
1263 3077 1327 3122 non
1342 3079 1367 3122 nn

106 3187 187 3232 error
225 3171 345 3236 bonam
385 3192 512 3235 causam
544 3173 662 3236 habet?
703 3174 905 3254 respiciamus
936 3173 1083 3253 quotiens
1114 3168 1330 3232 adulescentia

106 3285 209 3340 nostra
231 3281 263 3340 in
286 3277 392 3341 officio
415 3299 528 3361 parum
551 3280 684 3362 diligens
708 3279 808 3354 luerit,
831 3283 862 3342 in
878 3299 1027 3342 sermone
1042 3297 1154 3359 parum
1171 3275 1329 3350 modesta,
1359 3305 1361 3313 Α

105 3383 133 3444 in
155 3386 227 3447 uino
251 3405 363 3466 parum
388 3395 577 3468 temperans.
624 3389 649 3450 si
674 3391 770 3451 iratus
794 3396 856 3462 est,
887 3388 1000 3450 demus
1024 3384 1066 3448 illi
1089 3387 1241 3466 spatium,
1265 3401 1329 3464 quo

107 3490 255 3572 dispicere
287 3495 361 3573 quid
386 3492 495 3558 lecerit
517 3497 636 3576 possit:
679 3497 747 3576 ipse
771 3513 805 3556 se
829 3493 1007 3576 castigabit.
1053 3492 1189 3574 denique
1212 3490 1331 3553 debeat

77 3609 90 3658 :t
106 3615 242 3677 poenas:
276 3619 341 3663 non
365 3601 524 3683 estquod
549 3621 620 3664 cum
644 3600 696 3663 illo
721 3599 992 3682 parialaciamus
1037 3598 1113 3661 illud
1138 3618 1202 3660 non
1226 3598 1330 3660 ueniet
1344 3613 1370 3652 :¹0

107 3703 134 3764 in
164 3706 310 3781 dubium,
345 3707 420 3788 quin
450 3727 485 3770 se
518 3709 673 3770 exemerit
704 3706 816 3770 turbae
847 3715 880 3770 et
911 3705 1004 3770 altius
1035 3707 1161 3768 steterit
1191 3705 1330 3786 quisquis

107 3811 251 3894 despexit
275 3812 474 3876 lacessentis:
516 3817 678 3895 proprium
703 3823 751 3878 est
776 3813 1000 3894 magnitudinis
1023 3831 1117 3875 uerae
1133 3832 1198 3874 non
1214 3812 1332 3873 sentire

106 3936 138 3979 se
162 3939 351 4000 percussum.
397 3923 441 3983 sic
464 3923 599 3984 inmanis
625 3921 691 3984 sera
714 3919 754 3984 ad
778 3919 928 3983 latratum
949 3939 1061 3983 canum
1078 3918 1164 3982 lenta
1180 3918 1330 3999 respexit.

109 4186 121 4238 1
141 4187 264 4238 lacessitur
283 4187 301 4254 (i
321 4203 402 4256 corr„
419 4185 476 4255 stult
493 4188 516 4247 el
625 4187 742 4252 numquid
762 4188 788 4252 (d
808 4201 847 4240 ox
866 4193 874 4235 t
893 4189 976 4252 corr.)
1089 4185 1105 4237 2
1125 4185 1224 4249 impune

108 4311 123 4360 li
142 4269 232 4376 ubuum
334 4311 350 4364 7
370 4312 533 4378 compedibus
642 4311 674 4364 ll
695 4269 799 4377 plllnq
915 4311 974 4361 illud
993 4309 1020 4380 (d
1039 4323 1077 4362 ex
1095 4317 1103 4356 t
1123 4308 1205 4374 corr.)

111 4398 140 4450 lb
160 4396 295 4470 delipquere
374 4397 408 4453 18
427 4405 476 4452 tn*
573 4398 606 4451 25
627 4401 732 4450 incurrat
752 4399 848 4471 Neap:
870 4405 983 4450 occurrat
1078 4395 1112 4450 30
1132 4395 1191 4445 illud
1211 4395 1238 4464 (d
1257 4409 1330 4449 corr,

109 4503 145 4540 ecc
164 4488 184 4554 t)
286 4489 318 4543 31
340 4491 468 4540 ensemeril
577 4487 611 4542 33
630 4505 656 4538 se
675 4505 814 4554 percussum
837 4486 892 4540 1:5¹:
913 4501 1055 4553 sepcussum
1106 4547 1113 4565 ¹
