3212 5326
453 345 533 390 DlAL.
549 347 574 389 V.
604 347 643 386 DE
657 347 709 388 IRA
725 347 779 390 llll.
796 347 834 392 ΙΙΙ.
865 349 895 390 fil.
914 347 944 390 li.
1266 353 1307 414 97

99 493 150 554 eius
163 491 339 554 obruamus
362 502 394 554 et
417 489 500 554 illam
525 501 677 574 quantum
701 493 766 556 fieri
790 503 897 575 potest
919 494 1075 558 occultam
1092 503 1309 576 secretamque

12 603 13 610 ’
74 609 255 663 iteneamus
297 619 369 662 cum
393 619 510 682 magna
532 601 564 662 id
587 609 695 664 nostra
718 601 863 665 molestia
886 602 947 666 fiet.
987 604 1070 685 cupit
1096 603 1177 664 enim
1201 602 1309 666 exilire

98 715 123 768 et
140 707 307 770 incendere
338 707 447 770 oculos
477 718 510 770 et
541 717 663 772 mutare
694 707 814 772 faciem.
860 711 917 772 sed
940 709 965 771 si
993 709 1130 772 eminere
1153 709 1193 771 illi
1217 721 1309 775 extra

98 834 143 876 nos
169 812 272 889 licuit,
311 835 406 898 supra
436 835 495 878 nos
526 823 583 878 est.
638 816 667 877 in
699 815 764 878 imo
796 817 932 897 pectoris
962 836 1087 879 secessu
1118 817 1309 880 recondatur
1359 894 1366 902 .

97 921 277 1002 feraturque,
317 942 382 984 non
413 922 498 984 ferat.
552 923 651 984 immo
682 923 712 984 in
744 923 931 984 contrarium
964 923 1071 984 omnia
1102 923 1167 985 eius
1198 923 1335 986 indiciae

97 1025 266 1092 flectamus:
303 1028 407 1092 uoltus
431 1029 615 1102 remittatur,
639 1049 705 1091 uox
729 1028 827 1092 lenior
850 1031 897 1104 sit,
926 1031 1042 1110 gradus
1066 1029 1186 1092 lentior.
1232 1051 1307 1111 pau·

12 1135 13 1152 ²
72 1141 82 1188 :f
97 1132 166 1196 latim
192 1115 266 1198 curri
285 1135 493 1198 exterioribus
509 1111 658 1197 interiora
679 1135 859 1198 formantur.
896 1137 926 1198 in
942 1135 1074 1200 Socrate
1097 1137 1161 1198 irae
1184 1138 1307 1218 signum
1329 1199 1331 1206 ,

12 1279 13 1286 κ
95 1251 149 1304 erat
169 1261 287 1304 uocem
311 1242 524 1316 summittere,
556 1240 641 1323 loqui
663 1243 795 1324 parcius
841 1243 1016 1324 apparebat
1044 1251 1118 1306 tunc
1141 1243 1226 1307 illum
1249 1244 1329 1307 sibi'

94 1358 215 1430 opstare.
264 1347 574 1429 deprehendebatur
593 1349 698 1429 itaque
728 1369 747 1410 a
777 1348 977 1412 familiaribus
1009 1359 1041 1413 et
1068 1351 1307 1432 coarguebatur,

93 1463 230 1518 necerat
254 1453 296 1516 illi
328 1454 533 1536 exprobratio
564 1455 712 1518 latitantis
744 1456 806 1518 irae
838 1457 968 1536 ingrata.
1014 1459 1121 1539 quidni
1135 1461 1307 1538 ¹gauderet,
1324 1483 1347 1524 ro

94 1562 167 1640 quod
199 1561 279 1624 iram
312 1580 401 1624 suam
433 1561 522 1624 multi
553 1561 786 1643 intellegerent,
825 1583 920 1625 nemo
951 1553 1101 1628 sentiret'?
1139 1566 1308 1628 sensissent

93 1677 204 1743 autem,
237 1669 295 1730 nisi
318 1669 364 1730 ius
388 1669 494 1730 amicis
525 1669 714 1748 obiurgandi
742 1690 776 1732 se
800 1671 956 1745 dedisset,
987 1671 1065 1733 sicut
1092 1673 1159 1753 ipse
1189 1672 1247 1735 sibi
1277 1673 1307 1734 in

69 1775 200 1838 lamicos
223 1783 412 1856 sumpserat.
451 1784 571 1856 quanto
595 1776 696 1856 magis
720 1775 782 1838 hoc
805 1776 896 1838 nobis
919 1775 1097 1840 faciendum
1121 1782 1186 1840 est?
1215 1799 1306 1860 roge-

93 1902 151 1944 mus
179 1882 407 1945 amicissimum
435 1902 610 1964 quemque,
642 1891 676 1944 ut
707 1892 782 1945 tunc
813 1884 954 1946 maxime
983 1883 1126 1948 libertate
1156 1887 1308 1948 aduersus

92 2009 140 2050 nos
161 1999 275 2064 utatur,
299 2009 369 2050 cum
393 1989 520 2052 minime
543 1988 627 2051 illam
650 1993 716 2071 pati
738 1991 921 2072 poterimus
949 2010 1008 2055 nec
1030 1992 1223 2054 adsentiatur
1244 1993 1307 2055 irae
1323 2015 1346 2056 u

91 2106 213 2160 nostrae.
262 2104 375 2158 contra
397 2105 511 2177 potens
535 2096 653 2160 malurn
678 2106 710 2158 et
734 2099 819 2178 apud
842 2117 900 2160 nos
924 2097 1107 2178 gratiosum,
1131 2100 1207 2162 dum
1232 2121 1306 2161 con-

65 2203 223 2283 isipimus,
256 2204 333 2265 dum
358 2204 457 2266 nostri
479 2223 604 2278 sumus,
636 2205 837 2266 aduocemus.
883 2205 935 2285 qui
964 2204 1070 2266 uinum
1099 2204 1182 2266 male
1205 2205 1308 2269 ferunt

90 2319 116 2372 et
136 2309 296 2372 ebrietatis
327 2326 403 2372 suae
434 2311 646 2374 temeritatem
670 2331 707 2372 ac
734 2309 939 2392 petulantiam
963 2319 1122 2386 metuunt,
1155 2314 1308 2375 mandant

89 2416 157 2492 suiS,
188 2427 222 2480 ut
253 2437 271 2479 e
304 2417 448 2479 conuiuio
479 2418 665 2480 auferantur.
713 2418 985 2500 intemperantiam
1017 2419 1047 2479 in
1078 2419 1193 2480 morbo
1217 2438 1306 2481 suam

64 2525 74 2570 f
89 2526 201 2604 experti
233 2545 345 2606 parere
375 2526 449 2606 ipsis
480 2525 511 2586 in
541 2525 675 2598 aduersa
707 2524 886 2587 ualetudine
914 2533 1032 2588 uetant.
1078 2526 1234 2608 optimum
1259 2533 1307 2588 est
1321 2549 1347 2588 u

88 2631 160 2692 notis
191 2631 272 2721 uitiis
303 2630 519 2712 inpedimenta
549 2631 729 2712 prospicere
760 2640 792 2692 et
822 2641 895 2693 ante
924 2633 1031 2694 omnia
1053 2633 1096 2694 ita
1118 2652 1307 2714 ,conponere
1403 2701 1407 2712 ,

88 2737 226 2812 animum,
250 2745 285 2800 ut
308 2738 403 2800 etiam
427 2738 617 2818 grauissimis
639 2739 735 2800 rebus
758 2737 932 2819 subitisque
955 2757 1126 2801 concussus
1150 2739 1228 2801 iram
1252 2747 1306 2806 aut

87 2861 143 2902 non
165 2842 280 2904 sentiat
303 2851 358 2905 aut
381 2843 597 2922 magnitudine
620 2843 798 2924 inopinatae
825 2844 951 2905 iniuriae
980 2853 1127 2907 exortam
1152 2845 1183 2905 in
1206 2845 1304 2908 altum

61 2947 218 3011 fretrahat
249 2969 308 3012 nec
340 2949 484 3012 dolorem
508 2969 599 3012 suum
623 2949 815 3031 profiteatur.
861 2952 893 3012 id
925 2950 991 3012 fieri
1013 2971 1109 3033 posse
1132 2953 1305 3034 apparebit,

87 3054 107 3112 si
128 3075 227 3135 pauca
250 3077 292 3118 ex
316 3058 409 3118 turba
431 3057 550 3138 ingenti
574 3057 723 3138 exempla
738 3056 910 3138 protulem,
934 3077 976 3119 ex
1000 3059 1121 3140 quibus¹
1137 3068 1305 3141 utrumque
1319 3080 1345 3120 u

87 3160 199 3224 discere
214 3162 296 3237 licet,
320 3173 471 3244 quantum
495 3164 567 3226 mali
584 3163 702 3226 habeat
725 3165 776 3238 ira,
801 3163 854 3225 ubi
870 3164 1034 3226 hominum
1050 3168 1305 3248 praepotentium

86 3277 238 3346 potestate
261 3279 332 3334 tota
356 3270 458 3345 utitur,
483 3279 635 3351 quantum
658 3270 717 3332 sibi
740 3271 895 3353 imperare
918 3273 1027 3352 possit,
1051 3272 1103 3335 ubi
1127 3282 1214 3336 metu
1238 3295 1304 3337 ma-

86 3373 146 3437 iore
170 3397 340 3458 conpressa
364 3388 421 3442 est.

61 3481 65 3530 l
168 3482 254 3544 XIV.
294 3483 487 3563 Cambysen
501 3503 610 3564 regem
634 3484 724 3546 nimis
748 3485 890 3547 deditum
915 3486 988 3548 uino
1006 3485 1202 3568 Praexaspes
1226 3509 1304 3550 unus

83 3607 121 3648 ex
152 3591 316 3654 carissimis
347 3591 514 3666 monebat,
547 3599 581 3654 ut
611 3591 734 3674 parcius
765 3591 905 3667 biberet,
940 3601 1065 3675 turpem
1097 3615 1166 3657 esse
1197 3596 1304 3657 dicens
1319 3615 1344 3654 30

155 3813 179 3872 4’
187 3837 256 3886 supra
269 3838 315 3871 nos
328 3821 395 3872 licuit
408 3819 486 3887 (flacc
499 3819 598 3875 lineola
611 3827 773 3876 transuersa
787 3821 886 3888 deleta)
900 3839 973 3887 supra
986 3839 1031 3873 nos
1044 3831 1079 3875 est
1159 3826 1305 3875 recondatur

85 3907 117 3971 (re
136 3907 164 3960 in
184 3925 237 3966 rus.
257 3911 478 3977 contrauersim)
570 3913 585 3962 li
605 3912 683 3962 uultus
778 3913 866 3962 lentior
884 3909 980 3981 uufqo:
1002 3913 1080 3964 lenior
1170 3913 1185 3966 u
1205 3914 1304 3974 obstare
1328 3926 1333 3936 ·

84 3997 108 4062 (b
127 4013 166 4051 ex
186 3997 331 4066 pfacfttm)
441 4001 644 4067 dephendebatur
663 4002 739 4067 (pheri
758 4001 785 4053 in
805 4015 869 4064 ras,
885 3999 941 4068 suff
957 4000 1087 4076 fortasse.
1098 4001 1303 4069 deprendebatur)

155 4088 187 4140 12
206 4090 249 4138 nisi
268 4090 303 4138 ius
322 4087 417 4160 uulqo:
449 4090 495 4138 nisi
515 4091 553 4138 his
626 4107 651 4139 se
671 4091 777 4140 dedisset
797 4090 836 4157 (se
851 4091 901 4140 ded
920 4091 947 4144 in
967 4091 1034 4157 rac.)
1110 4091 1140 4143 fir
1161 4093 1304 4142 assentiatur

82 4173 170 4242 (prior
190 4193 200 4226 s
218 4178 298 4244 corr.)
398 4179 431 4231 ‘fb'
451 4185 537 4228 eontra
555 4185 642 4244 potens
663 4177 737 4249 prst
759 4189 890 4230 contranos
909 4187 996 4246 potens
1087 4181 1153 4246 apud
1173 4179 1200 4244 (d
1219 4179 1302 4245 corr.)

178 4267 323 4331 consipimus
343 4265 511 4321 Gronovius:
533 4269 698 4334 conspicimus
798 4267 827 4322 ff
847 4266 879 4333 Qi
899 4268 936 4334 (in
956 4270 1021 4335 ras.)
1118 4269 1304 4322 mullitudine

82 4355 98 4420 (i
118 4355 205 4416 corr.)
309 4355 341 4408 23
361 4358 473 4407 sentiat*
594 4359 618 4406 iu
639 4357 713 4406 altum
735 4354 870 4412 Muretus:
899 4359 1000 4408 inalium
1102 4357 1136 4410 28
1161 4374 1303 4424 compressa

173 4442 207 4496 29
226 4447 370 4512 Praexaspes
390 4443 554 4499 Pincianus:
578 4448 751 4512 thraexhaspes

1076 4551 1083 4588 f
