3184 5318
301 361 361 425 186
600 357 678 411 DlAL.
689 357 748 402 vul.
777 359 819 399 An
834 355 976 398 sensnm
991 357 1032 400 Dr:
1046 359 1129 402 OTIO.
1158 362 1179 404 8.
1194 361 1214 402 4.

297 503 420 565 diuersa
451 505 500 566 uia
532 503 635 566 mittit.
690 479 843 586 Epicu'lus
873 506 932 567 ait:
966 525 1030 567 non
1061 508 1194 570 accedet
1220 510 1261 570 ad
1293 507 1500 590 rempublicam

295 611 436 692 sapiens,
466 610 522 672 nisi
552 611 577 672 si
608 611 685 692 quid
716 612 922 675 interuenerit.
969 613 1079 675 Zenon
1110 617 1171 677 ait:
1206 617 1338 678 accedet
1368 617 1407 678 ad
1433 637 1500 679 rem-

295 716 466 798 publicam,
491 719 548 779 nisi
570 718 596 780 si
618 717 693 800 quid
724 719 898 802 inpedierit.
952 719 1032 782 alter
1055 721 1153 783 otium
1178 742 1220 784 ex
1243 724 1407 804 proposito
1428 724 1526 804 petit,3

296 823 375 886 alter
407 845 448 885 ex
480 845 581 888 causa.
628 845 722 887 causa
752 836 858 888 autem
889 826 941 889 illa
971 827 1034 889 late
1061 837 1158 910 patet.
1204 831 1228 891 si
1252 829 1425 912 respublica
1445 851 1501 890 cor-

270 933 417 1012 sruptior
440 940 488 994 est
510 953 605 1013 quam
629 941 664 995 ut
686 933 824 996 adiuuari
847 935 955 1014 possit,
978 936 1003 996 si
1027 945 1181 1017 occupata
1204 945 1252 998 est
1275 957 1297 996 a
1321 935 1422 1010 malis,
1450 957 1503 998 non

296 1039 412 1101 nitetur
440 1040 564 1120 sapiens
594 1043 624 1104 in
655 1061 884 1122 superuacuum
914 1062 973 1104 nec
995 1062 1030 1104 se
1053 1041 1127 1104 nihil
1149 1042 1328 1123 profuturus
1350 1044 1501 1124 inpendet:

296 1146 320 1206 si
351 1130 462 1228 parum
490 1145 622 1212 habebit
645 1148 839 1236 auctoritatis
863 1158 918 1211 aut
940 1149 1050 1211 uirium
1074 1167 1133 1211 nec
1154 1149 1241 1212 illum
1265 1150 1322 1212 erit
1346 1149 1503 1212 admissura

296 1251 486 1334 respublica,
516 1253 542 1315 si
574 1253 724 1317 ualetudo
753 1254 838 1317 illum
862 1255 1016 1336 inpediet,
1046 1258 1211 1337 quomodo
1235 1277 1350 1319 nauem
1372 1274 1525 1336 quassant

296 1377 359 1420 non
390 1359 562 1422 deduceret
592 1363 623 1423 in
654 1381 756 1436 mare,
790 1361 954 1444 quomodo
985 1383 1103 1424 nomen
1125 1367 1156 1426 in
1180 1362 1321 1426 militiam
1329 1383 1406 1424 non
1428 1362 1502 1424 daret

257 1481 281 1521 ¹⁰
296 1465 423 1542 debilis,
455 1467 499 1531 sic
521 1467 564 1529 ad
585 1468 659 1544 iter,
682 1470 758 1549 quoi
780 1468 949 1532 inhabilem
974 1489 1008 1532 se
1031 1471 1114 1545 sciet,
1139 1491 1203 1532 non
1227 1471 1366 1532 accedet.
1410 1480 1501 1552 potest
1579 1545 1580 1554 ἵ

295 1589 372 1652 ergo
404 1581 436 1635 et
466 1571 532 1648 ille,
563 1577 611 1636 cui
643 1575 750 1636 omnia
781 1574 884 1637 adhuc
914 1575 945 1636 in
976 1575 1101 1656 integro
1130 1585 1217 1650 sunt,
1249 1585 1417 1658 antequam
1439 1575 1501 1638 ullas
1579 1557 1580 1568 ἶ

295 1682 474 1762 experiatur
497 1689 712 1762 tempestates
737 1684 768 1745 in
792 1691 862 1744 tuto
885 1680 1056 1744 subsistere
1079 1691 1111 1746 et
1135 1682 1277 1765 protinus
1294 1685 1503 1764 commendare

294 1807 328 1847 se
352 1785 445 1849 bonis
468 1787 588 1850 artibus
612 1797 644 1850 et
666 1788 829 1852 inlibatum
848 1786 949 1852 otium
966 1792 1116 1870 exigere,
1129 1792 1290 1854 uirtutium
1308 1790 1415 1865 cultor,
1436 1810 1501 1871 quae

295 1897 435 1958 exerceri
459 1897 555 1958 etiam
579 1896 777 1977 quietissimis
801 1906 940 1979 possunt.
979 1895 1042 1958 hoc
1065 1916 1181 1979 nempe
1204 1897 1245 1958 ab
1268 1882 1396 1960 homine
1416 1898 1528 1976 exigi-5

258 2016 281 2055 ¹⁵
295 2011 361 2075 tur,
392 2009 427 2064 ut
450 2004 550 2082 prosit
568 1999 769 2077 bominibus,
801 2004 826 2064 si
849 2001 914 2064 fieri
938 2007 1060 2084 potestl
1085 2003 1199 2078 multis,
1222 2005 1247 2065 si
1271 2007 1381 2079 minus,
1404 2005 1501 2085 paucis,

294 2108 319 2170 si
351 2110 467 2184 minus,
499 2111 669 2190 proximis,
700 2112 725 2172 si
756 2113 873 2186 minum
905 2111 971 2172 sibi.
1017 2131 1091 2173 nam
1123 2131 1195 2174 cum
1219 2131 1254 2173 se
1277 2111 1385 2174 utilem
1408 2113 1502 2174 ceteris

295 2213 394 2291 elficit,
419 2235 587 2278 commune
610 2217 676 2296 agit
693 2219 874 2297 negotium:
902 2219 1069 2298 quomodo
1091 2221 1143 2298 qui
1168 2237 1202 2279 se
1226 2219 1413 2281 deteriorem
1436 2217 1503 2290 lacit,

295 2343 359 2384 non
382 2323 440 2386 sibi
463 2325 689 2388 tantummodo
712 2332 816 2400 nocet,
839 2326 897 2386 sed
920 2328 1017 2386 etiam
1041 2325 1188 2387 omnibus
1205 2328 1257 2400 eiS,
1281 2325 1395 2406 quibus
1410 2323 1504 2386 melior

295 2429 395 2492 factus
425 2432 578 2511 prodesse
608 2434 779 2512 potuisset,
812 2434 856 2494 sic
886 2415 1025 2513 quisquis
1048 2431 1131 2494 bene
1155 2433 1196 2494 de
1219 2453 1254 2494 se
1278 2440 1426 2506 meretur,
1454 2430 1503 2492 hoc

256 2548 282 2589 ²⁰
296 2537 364 2620 ipso
390 2537 454 2600 aliis
477 2537 619 2620 prodest,
643 2537 730 2618 quod
753 2538 817 2601 illis
836 2538 1034 2622 profuturum
1058 2549 1162 2620 parat,

384 2645 438 2706 IV.
488 2645 560 2726 [31.l
607 2645 696 2708 Duas
732 2646 922 2727 respublicas
957 2648 1075 2721 animo
1099 2646 1352 2727 conplectamur,
1390 2643 1527 2710 alteraml
1579 2693 1580 2696 ,

218 2747 220 2752 ’
296 2773 446 2834 magnam
470 2761 502 2814 et
526 2772 600 2816 uere
622 2739 797 2835 publicam,
821 2774 884 2835 qua
906 2753 937 2818 di
960 2763 1056 2834 atque
1078 2752 1225 2816 homines
1248 2755 1455 2825 continentur,
1480 2749 1503 2809 in

295 2879 358 2942 qua
380 2881 445 2922 non
467 2859 507 2922 ad
531 2860 614 2922 bunc
637 2859 785 2941 angulum
811 2864 992 2943 respicimus
1015 2870 1070 2923 aut
1093 2860 1134 2922 ad
1158 2859 1260 2935 illum,
1288 2861 1348 2922 sed
1370 2861 1503 2923 terminos
1579 2897 1580 2932 3

296 2969 430 3031 ciuitatis
462 2978 591 3031 nostrae
623 2989 694 3030 cum
726 2967 793 3030 sole
824 2971 985 3030 metimur:
1020 2967 1168 3042 alteram,
1199 2969 1247 3029 cui
1275 2987 1335 3028 nos
1358 2965 1504 3044 adscripsit

255 3085 281 3124 ²⁵
296 3074 439 3137 condicio
471 3075 627 3137 nascendi.
673 3075 753 3138 baec
782 3085 836 3138 aut
860 3074 1103 3138 Atheniensium
1128 3077 1186 3136 erit
1208 3082 1262 3136 aut
1286 3071 1503 3154 Carthaginien·
1579 3113 1580 3146 3

294 3183 390 3256 sium,
423 3189 476 3244 aut
507 3181 632 3244 alterius
664 3182 791 3245 alicuius
824 3181 924 3257 urbis,
956 3167 1037 3264 quae
1069 3201 1133 3243 non
1163 3181 1203 3243 ad
1235 3183 1338 3243 omnis
1368 3179 1504 3261 pertineat
1579 3251 1580 3256 γ

295 3287 448 3364 homines
473 3289 530 3350 sed
554 3290 595 3351 ad
619 3299 733 3352 certos.
765 3291 896 3371 quidam
920 3291 1036 3351 eodem
1060 3299 1205 3370 tempore
1229 3290 1354 3368 utn'que
1378 3282 1503 3367 reipubli-

295 3397 451 3458 caedant
475 3415 621 3478 operam,
646 3399 756 3459 maiori
781 3399 972 3478 minorique,
996 3397 1124 3478 quidam
1148 3405 1272 3458 tantum
1299 3397 1423 3467 minori,
1450 3391 1503 3472 qui·
1579 3435 1580 3438 ,

296 3505 370 3566 darn
401 3513 524 3566 tantum
555 3507 674 3566 maiori.
720 3503 792 3566 huic
815 3506 925 3567 maiori
948 3501 1138 3585 reipublicae
1161 3512 1194 3564 et
1216 3504 1248 3564 in
1272 3505 1341 3564 otio
1366 3499 1529 3562 deseruirel

301 3647 331 3654 ›0-

295 3717 470 3791 {limpedierit
563 3717 687 3784 4res.p.
779 3716 894 3780 bquam
913 3721 938 3765 ut
957 3712 1055 3784 uulqo:
1076 3719 1126 3781 qui
1216 3719 1337 3778 occupata
1357 3710 1503 3766 deteriores:
1579 3765 1580 3784 ,

296 3805 406 3855 osculata
497 3822 511 3854 a
529 3807 601 3854 malis
613 3801 743 3874 Meduiq:
765 3805 837 3854 malis
850 3801 909 3858 eod.
923 3802 998 3874 quod
1009 3803 1036 3856 si
1046 3801 1168 3856 datiuum
1181 3817 1240 3856 esse
1253 3800 1384 3856 uoluisset
1396 3799 1505 3868 seruator,

295 3909 479 3980 antiquitatis
491 3911 590 3966 crimen
602 3927 656 3962 uon
670 3909 804 3982 essuperet
876 3894 995 3962 8res.f>.
1068 3910 1178 3960 ualitudo
1250 3906 1370 3972 impediet
1437 3904 1505 3957 inter·

292 4017 465 4087 punctionem
484 4016 638 4071 emendanti
659 4015 748 4078 Gertz,
774 4015 941 4088 uulqabetur
959 4015 1029 4069 enim
1048 4005 1173 4080 impediet,
1192 4015 1321 4078 quomodo
1414 4010 1441 4062 10
1464 4008 1505 4056 adit

211 4095 213 4102 ’
383 4108 441 4172 quoi
460 4107 596 4156 inhabilem
615 4122 640 4155 se
659 4108 719 4156 sciet
732 4103 847 4177 Meduiq
868 4105 1002 4176 (quamuis
1021 4120 1075 4157 non
1094 4104 1182 4156 miuus
1200 4109 1304 4156 rectum
1322 4102 1358 4154 sit
1371 4103 1401 4150 ad
1413 4099 1471 4165 quod
1483 4099 1505 4146 ut

296 4201 320 4258 5,
339 4191 380 4264 4):
401 4197 469 4261 quod
487 4195 598 4244 inhabile
616 4195 676 4244 sciet
796 4193 828 4246 13
855 4195 927 4244 bonis
948 4191 974 4246 Ε
980 4195 1007 4242 ³:
1028 4194 1100 4244 nobis
1202 4198 1224 4240 et
1251 4191 1373 4240 illibatum
1391 4185 1502 4251 Madm'ff:

295 4291 318 4335 et
337 4287 361 4334 in
381 4285 448 4334 illum
467 4287 543 4336 beatu
634 4285 734 4335 uirtutit'l
755 4283 793 4350 (in
812 4282 911 4336 litteris
929 4285 946 4332 ti
965 4280 1072 4352 aliquid
1090 4281 1174 4348 corr.)
1266 4279 1299 4332 15
1319 4282 1418 4344 potest*
1442 4273 1502 4342 (ras,
1579 4289 1580 4320 l

292 4372 416 4442 fortasse
430 4374 537 4444 puncti)
630 4369 660 4424 tl
682 4373 876 4437 complectamur
965 4371 999 4424 22
1019 4373 1053 4421 dii
1144 4369 1177 4424 23
1201 4370 1266 4419 hunc
1285 4368 1314 4435 (h
1333 4382 1411 4430 corr,
1426 4361 1475 4432 fuit
1488 4355 1502 4422 i)

383 4478 418 4532 27
436 4465 521 4536 rei.l3.
611 4477 645 4532 28
665 4481 778 4529 minori*
886 4463 1021 4531 29rei.13.
