3184 5318
315 337 394 382 orna.
405 337 453 380 vu.
481 337 524 379 no
539 309 721 396 caenosam}
732 335 771 378 os
786 336 858 378 vnn
873 335 979 380 asten.
1007 337 1043 382 aa.
1234 343 1293 406 181

90 509 121 550 ex
140 485 305 567 longinquo
329 493 504 560 struuntur,
531 483 736 564 intellegunt:
771 481 855 545 idem
880 481 969 562 uobis
994 485 1105 548 euenit.
1153 485 1298 548 marcetis

88 597 111 656 in
136 593 238 656 uestris
270 591 364 654 rebus
387 611 446 654 nec
469 591 631 672 cogitatis,
663 600 743 672 quot
767 609 857 653 casus
881 589 1018 671 undique
1042 590 1212 656 inmineant
1235 592 1298 656 iam

67 703 191 781 {iamque
220 699 361 781 pretiosa
390 696 491 780 spolia
514 697 612 760 laturi.
658 696 791 780 sapienti
814 696 954 778 quisquis
978 695 1142 761 abstulerit
1165 697 1297 774 diuitias
1381 729 1387 744 r

87 806 174 868 omnia
205 803 263 868 illi'
283 825 341 868 sua
376 803 535 885 relinquet.
582 805 657 868 uiuit
687 805 770 868 enim
802 803 1021 886 praesentibus
1052 802 1167 880 laetuS,
1206 805 1298 868 suturi

85 933 199 976 securus.
238 909 313 976 nihil
336 913 446 994 magis,
470 911 568 992 inquit
591 909 641 974 ille
657 909 806 974 Socrates
830 919 884 974 aut
908 909 1016 992 aliquis
1039 908 1124 986 alius,
1148 913 1196 974 cui
1212 911 1323 976 idems

85 1019 124 1080 ius
149 1019 298 1082 aduersus
328 1017 467 1082 humana
497 1025 592 1100 atque
622 1019 736 1082 eadem
767 1025 910 1100 potestas
942 1024 1005 1092 est,
1043 1018 1182 1099 persuasi
1214 1018 1298 1095 mihi,

85 1146 224 1208 quamne
249 1126 290 1188 ad
314 1124 477 1206 opiniones
500 1131 621 1188 uestras
644 1134 749 1187 actum
775 1126 858 1187 uitae
882 1143 973 1186 meae
997 1123 1166 1188 flecterem.
1207 1125 1298 1189 solita

85 1232 206 1296 conserte
237 1233 375 1314 undique
405 1231 519 1296 uerba:
554 1251 618 1294 non
649 1231 815 1294 conuiciari
845 1251 903 1294 uos
934 1230 1072 1312 putabo,
1100 1233 1158 1294 sed
1190 1234 1298 1314 uagire

60 1339 152 1416 ,uelut
182 1338 315 1403 infantes
339 1339 537 1402 miserrimos.
593 1338 672 1402 haec
703 1338 788 1401 dicet'
810 1336 875 1412 ille,
906 1338 955 1400 cui
978 1339 1131 1420 sapientia
1154 1340 1296 1421 contigit,

83 1467 160 1528 quem
183 1448 305 1512 animus
328 1447 472 1510 uitiorum
496 1447 630 1510 inmunis
653 1447 814 1529 increpare
838 1443 923 1521 alios,
948 1465 1011 1508 non
1035 1447 1107 1528 quia
1129 1446 1215 1522 odit,
1238 1447 1296 1510 sed
1314 1466 1336 1508 ιο

82 1555 104 1614 in
129 1555 300 1619 remedium
331 1554 425 1616 iubet.
471 1553 585 1616 adiciet
615 1551 664 1617 his
694 1550 763 1616 illa:
801 1551 993 1616 existimatio
1029 1573 1080 1616 me
1104 1563 1210 1617 uestra
1233 1574 1298 1616 non

82 1680 140 1722 meo
178 1662 305 1724 nomine
343 1660 399 1724 sed
435 1670 542 1724 uestro
579 1669 705 1734 mouet,
742 1659 816 1741 quia
846 1657 1095 1724 incolumitatem
1129 1661 1234 1724 odisse
1266 1671 1298 1725 et

81 1873 173 1938 iacitis.
217 1884 251 1938 et
282 1895 321 1938 ne
353 1874 400 1938 dis
423 1874 551 1958 quidem
574 1873 606 1936 hi
630 1873 682 1955 qui
705 1893 775 1936 aras
800 1883 953 1937 euertunt.
1000 1875 1056 1936 sed
1080 1873 1198 1937 malum
1223 1895 1296 1956 pro-

81 1983 203 2062 positum
234 1992 367 2064 apparet
399 1979 580 2062 malumque
612 1979 774 2044 consilium
803 1981 902 2056 ¹etiam
927 1981 986 2055 ibi,
1019 1980 1071 2044 ubi
1094 2001 1209 2044 nocere
1233 2002 1297 2044 non
1314 2001 1337 2042 15

56 2092 178 2170 spotuit.
223 2088 267 2151 sic
306 2097 426 2152 uestras
464 2086 722 2152 hallucinationes
753 2087 820 2150 iero
853 2089 1126 2168 quemadmodum
1158 2088 1298 2172 luppiter

81 2197 202 2278 optimus
227 2197 385 2260 maximus
408 2197 540 2278 ineptias
563 2205 739 2278 poetarum,
763 2216 897 2277 quorum
922 2193 999 2258 alius
1015 2194 1054 2257 illi
1070 2193 1134 2258 alas
1152 2196 1297 2278 inposuit,

81 2301 144 2364 alius
166 2323 297 2378 cornua,
331 2302 407 2366 alitus
431 2300 610 2366 adulterum
633 2301 718 2366 illum
742 2301 865 2365 induxit
889 2311 921 2366 et
945 2302 1188 2378 abnoctantem,
1219 2301 1297 2365 alius

81 2430 194 2472 saeuum
217 2411 248 2472 in
273 2411 360 2485 deos,
384 2408 460 2472 alius
485 2411 625 2490 iniquum
649 2410 679 2472 in
695 2400 849 2485 homines
872 2410 949 2474 alius
965 2397 1128 2492 raptorum
1144 2409 1296 2492 ingenuo-

82 2537 138 2578 rum
161 2527 378 2598 corruptorem
402 2525 434 2580 et
458 2525 668 2598 cognatorum
691 2515 828 2597 quidem,
851 2515 928 2580 alius
951 2516 1138 2599 parricidam
1160 2525 1192 2580 et
1209 2516 1296 2599 regni
1311 2535 1337 2576 m

81 2622 157 2684 alieni
178 2623 361 2706 paternique
385 2633 648 2706 expugnatorem.
688 2623 801 2704 quibus
815 2621 889 2686 nihil
905 2623 987 2686 aliud
1005 2631 1111 2686 actum
1127 2632 1183 2700 est,
1200 2644 1297 2706 quam

82 2738 109 2790 ut
130 2729 226 2813 pudor
249 2729 428 2793 hominibus
451 2731 604 2813 peccandi
628 2731 816 2805 demeretur,
841 2733 865 2792 si
888 2730 967 2794 tales
984 2730 1063 2792 deos
1079 2731 1296 2796 credidissent.

55 2837 129 2904 rsed
156 2847 346 2918 ‘quamquam
377 2839 436 2900 ista
467 2859 519 2900 me
549 2837 624 2900 nihil
655 2836 799 2912 laedant,
831 2846 937 2900 uestra
962 2846 1072 2900 tamen
1096 2857 1154 2899 uos
1178 2856 1296 2900 moneo
1389 2887 1393 2898 .

11 2957 13 2962 ·
82 2962 178 3006 causa:
204 2945 351 3026 suspicite
376 2944 531 3008 uirtutem.
579 2945 698 3008 credite
719 2943 763 3020 iis,
786 2945 838 3025 qui
859 2944 943 3007 illam
960 2945 1011 3007 diu
1028 2944 1127 3006 secuti
1143 2965 1294 3026 magnum

55 3035 61 3052 ⁸
81 3050 217 3127 quiddam
242 3051 327 3134 ipsos
351 3061 383 3115 et
405 3053 493 3133 quod
516 3051 546 3114 in
570 3052 637 3114 dies
660 3052 759 3116 maius
785 3061 949 3133 appareat,
974 3052 1061 3132 sequi
1084 3050 1238 3128 clamant,
1262 3061 1295 3116 et
1309 3071 1335 3112 as

159 3317 339 3384 lintellegunt
358 3313 456 3386 uulqo:
479 3317 620 3381 intellegant
717 3317 902 3370 2immineant
998 3319 1102 3383 iitiamq3
1124 3317 1161 3382 (ia
1179 3315 1207 3370 itt
1225 3317 1295 3384 ras.)

157 3459 171 3510 3
195 3460 275 3524 spolia
294 3459 373 3510 laturi.
399 3460 503 3524 sapienti
522 3457 581 3512 Εἰς
602 3405 722 3524 spoliallul
742 3461 846 3524 sapienti
866 3458 883 3524 (l
903 3464 1029 3512 extrema
1048 3457 1076 3511 r'n
1095 3437 1160 3518 ras...
1177 3458 1244 3528 sori.
1265 3461 1295 3526 is)

157 3547 262 3600 lluturi
282 3545 341 3602 Εἲς
364 3549 446 3597 futuris
556 3547 656 3600 bidem
678 3549 712 3597 ius
733 3546 833 3617 Neap:
856 3549 924 3598 idem
1032 3547 1048 3600 9
1074 3550 1195 3613 sapientia
1215 3547 1293 3604 dert.:

82 3637 171 3700 sapienti
268 3637 302 3690 10
327 3639 441 3686 immunis
536 3637 565 3689 12
591 3637 783 3687 incolumitatem
810 3634 901 3690 Koclt:
931 3637 1062 3686 clamitatis
1087 3635 1147 3694 cod.
1174 3640 1297 3690 claritates

84 3721 188 3794 Georqes
211 3741 263 3796 μεν
289 3725 393 3779 litteras
419 3727 547 3776 calamitas
573 3731 607 3776 est
627 3727 748 3792 sapientes
768 3723 882 3795 Madm'q
904 3727 1050 3774 calamitatis
1069 3734 1104 3776 est
1125 3724 1206 3780 Gertz
1381 3775 1384 3780 ,

88 3811 151 3863 liet
174 3811 263 3869 Koolt:
291 3815 334 3864 sed
360 3811 420 3867 cod.
447 3813 518 3882 confi
544 3812 578 3868 de
604 3813 662 3868 ben.
689 3817 714 3875 4,
741 3817 774 3866 29
801 3815 816 3866 i
925 3815 972 3864 diis
997 3815 1092 3882 (corr.)
1117 3815 1192 3880 quide
1217 3816 1250 3865 hii
1270 3812 1294 3882 q'

84 3901 163 3968 (corr.)
264 3903 291 3956 15
318 3904 442 3968 maluq3a
543 3903 571 3956 lli
597 3903 840 3954 halucinanactiones
865 3901 939 3968 (inde
958 3919 976 3956 a
994 3903 1145 3972 lupanaris
1164 3909 1294 3972 notatum,
1393 3905 1399 3918 '

83 3985 105 4038 t'n
116 4005 194 4060 ηιανζᾳ.
206 4009 239 4046 m.
252 3995 279 4060 Ι3,
293 3998 323 4045 ut
335 3989 452 4056 uidetur,
465 3993 693 4058 habominationes)
789 3991 817 4042 ln
837 3993 1009 4042 abnoctantem
1023 3989 1120 4060 ttulqo:
1142 3995 1295 4046 obnoctantd

162 4079 190 4132 19
214 4088 300 4146 scuti*
326 4085 401 4148 (ras,
423 4077 479 4149 suit
498 4082 533 4148 nn)
626 4083 735 4148 iniquus
756 4082 831 4148 (ras,
848 4078 903 4149 fuit
923 4085 958 4144 m)
1050 4089 1145 4147 raptott
1165 4083 1295 4146 iugenuott

85 4175 211 4234 corruptorii
231 4173 386 4236 (corruptore
406 4169 434 4223 t'n
453 4171 522 4238 rus.)
548 4168 607 4224 cod.
628 4177 751 4235 raptorem
775 4171 935 4235 ingenuorum
961 4168 1153 4240 [corruptorem]
1180 4167 1295 4242 Maduiq

84 4253 125 4307 Sed
140 4255 173 4324 cf.
191 4257 249 4312 Liu.
271 4261 312 4320 29,
334 4261 363 4312 17
380 4266 539 4325 constuprant
557 4297 563 4312 .
582 4299 589 4313 .
609 4261 727 4324 ingenuos
747 4266 830 4325 raptos
850 4277 878 4309 ex
898 4260 1027 4324 complexu
1046 4261 1183 4324 parentium

85 4340 109 4392 21
133 4347 194 4396 aliud
212 4347 239 4414 (d
258 4347 342 4412 corr.)
434 4347 467 4401 23
493 4365 556 4398 mea
576 4349 642 4416 (ras.
660 4345 729 4416 sort.
749 4347 775 4414 a)
867 4354 947 4396 uestra
966 4354 1048 4398 tamen
1066 4345 1125 4402 cod.
1146 4355 1171 4401 et
1189 4352 1295 4403 ueteres

86 4464 212 4534 editiones,
232 4488 283 4526 om.
303 4479 384 4522 tamen
403 4470 516 4527 Fickert
534 4475 560 4525 et
579 4471 674 4528 Haase
782 4472 815 4526 24
834 4435 880 4522 hiis
899 4471 1048 4542 (suprascr.
1067 4487 1102 4526 m.
1122 4474 1187 4540 reo.)
