3184 5318
311 351 391 396 DlAL.
401 349 450 396 vn.
476 351 518 392 AD
534 349 711 393 GALLIONEM
727 351 766 393 DE
781 353 849 394 VITA
867 353 971 398 ΒΕΑΤΑ.
999 357 1019 398 l.
1035 359 1055 398 ti.
1231 362 1292 422 159

7 473 9 548 ἶ
63 500 140 568 tsine
166 505 258 560 auctu
283 517 320 560 ac
343 499 533 560 detrimento
557 499 672 560 summi
695 497 770 560 honi
795 499 922 562 ueniens
945 519 983 562 ac
1006 502 1164 588 recedens.
1210 501 1294 564 hunc

7 631 9 686 3
79 608 119 666 ‘ita
138 605 299 667 fundatum
322 623 450 666 necesse
474 613 531 679 est,
554 605 628 667 uelit
651 605 737 679 nolit,
761 616 910 686 sequatur
932 604 1069 669 hilaritas
1093 607 1239 670 continua
1262 617 1294 670 et

7 689 9 762 i
86 711 185 774 laetitia
207 711 271 773 alta
294 719 388 792 atque
411 731 453 773 ex
476 709 542 772 alto
566 712 700 788 ueniens
726 719 759 773 ut
782 713 835 792 qui
857 713 919 774 suis
943 713 1080 793 gaudeat
1101 732 1159 774 nec
1174 713 1294 775 maiora

7 879 9 900 2
87 818 250 880 domesticis
274 819 387 900 cupiat.
425 817 532 898 quidni
554 817 614 879 ista
637 817 718 880 bene
741 827 854 900 penset
877 837 948 880 cum
973 819 1098 881 minutis
1122 829 1155 881 et
1178 817 1293 881 friuolis

86 934 111 986 et
135 943 194 986 non
225 923 499 1006 perseuerantibus
530 922 704 1006 corpusculi
727 923 886 986 motibus?
918 945 981 1006 quo
1006 925 1056 987 die
1080 923 1157 987 inira
1180 925 1319 1007 uolup-⁵

85 1037 167 1092 tatem
188 1029 288 1110 suerit,
312 1038 345 1093 et
368 1029 445 1092 infra
468 1029 612 1092 dolorem
637 1030 703 1092 erit.
750 1031 837 1092 uides
860 1039 977 1106 autem,
1000 1051 1096 1112 quam
1120 1030 1236 1094 malam
1260 1043 1293 1095 et

8 1119 9 1188 l
85 1136 236 1198 noxiosam
267 1137 450 1199 seruitutem
481 1138 650 1198 seruiturus
681 1137 733 1210 sit,
764 1157 858 1218 quem
891 1135 1070 1218 uoluptates
1094 1137 1292 1220 doloresque,

9 1269 10 1283 ³
61 1243 274 1309 oincertissima
297 1243 437 1304 dominia
459 1243 784 1324 impotentissimaque,
808 1242 933 1304 alternis
957 1243 1180 1324 possidebunt:
1215 1263 1293 1325 ergo

8 1339 9 1342 '
84 1350 251 1411 exeundum
287 1349 328 1410 ad
359 1347 537 1410 libertatem
570 1356 626 1410 est.
673 1347 753 1410 hanc
785 1367 848 1410 non
879 1347 938 1410 alia
970 1369 1020 1410 res
1050 1349 1166 1413 tribuet
1196 1369 1291 1431 quarn

84 1453 211 1518 fortunae
234 1453 449 1535 neglegentia:
476 1462 544 1516 tum
568 1452 643 1515 illud
667 1455 784 1516 orietur
806 1453 1032 1516 inaestimabile
1053 1455 1181 1530 bonum,
1205 1457 1292 1536 quies
1311 1467 1333 1508 ¹⁰

84 1562 183 1624 nentis
213 1561 244 1623 in
274 1569 345 1623 tuto
376 1560 541 1623 conlocata
571 1569 603 1622 et
633 1559 807 1622 sublimitas
838 1560 1039 1641 expulsisque
1071 1561 1227 1624 erroribus
1250 1581 1292 1624 ex

8 1681 10 1728 l
83 1667 250 1746 cognitione
272 1667 338 1742 ueri
360 1666 511 1747 gaudium
535 1667 656 1746 grande
680 1673 712 1727 et
735 1667 890 1728 inmotum
912 1667 1107 1749 comitasque
1123 1679 1153 1729 et
1170 1667 1293 1730 diffusio

9 1751 10 1812 3
83 1771 171 1848 animi,
194 1772 307 1856 quibus
331 1772 538 1834 delectabitur
560 1792 625 1834 non
648 1781 682 1833 ut
705 1771 805 1847 bonis
828 1773 886 1834 sed
910 1782 945 1834 ut
968 1793 1010 1834 ex
1031 1772 1118 1835 bono
1134 1793 1192 1835 suo
1208 1775 1293 1835 ortis.

7 1909 9 1962 o
59 1898 66 1948 1
159 1877 198 1940 V.
239 1877 398 1959 Quoniam
421 1877 588 1940 liberaliter
611 1897 705 1958 agere
728 1879 835 1960 coepi,
866 1887 973 1960 potest
996 1880 1107 1941 beatus
1135 1880 1210 1955 dici,
1241 1881 1294 1961 qui

8 1971 9 1976 ¹
83 2002 131 2044 nec
151 1985 235 2066 cupit
257 2005 317 2047 nec
339 1985 430 2048 timet
452 1983 606 2046 beneficio
629 1985 763 2048 rationis
802 1987 952 2066 quoniam
976 1996 1008 2048 et
1031 2005 1109 2048 saxa
1132 1987 1246 2048 timore
1262 1996 1295 2048 et
1310 2001 1333 2039 ¹⁵

82 2090 191 2153 tristitia
212 2101 330 2180 carent¹
344 2111 402 2153 nec
426 2092 526 2153 minus
549 2092 697 2173 pecudes
720 2111 784 2152 non
801 2092 874 2152 ideo
891 2099 997 2153 tamen
1013 2092 1177 2172 quisquam
1194 2091 1294 2154 felicia

57 2195 199 2273 odirent,
229 2197 343 2280 quihus
374 2217 437 2260 non
468 2206 516 2260 est
547 2196 700 2260 felicitatis
730 2197 913 2261 intellectus.
959 2200 1074 2260 eodem
1106 2197 1178 2260 loco
1208 2217 1294 2280 pone

82 2300 230 2379 homines,
260 2325 341 2386 quos
368 2305 398 2366 in
426 2324 591 2367 numerum
615 2324 767 2386 pecorum
791 2314 824 2366 et
846 2303 1024 2367 animalium
1048 2306 1171 2384 redegit
1194 2304 1294 2368 hebes

7 2437 8 2442 κ
80 2417 179 2472 natura
209 2421 241 2473 et
272 2412 428 2492 ignoratio
458 2413 512 2475 sui.
558 2410 631 2472 nihil
654 2411 782 2473 interest
805 2413 884 2473 inter
907 2410 966 2472 hos
990 2419 1023 2473 et
1046 2411 1111 2486 illa,
1142 2412 1292 2492 quoniam

79 2512 127 2576 illis
155 2517 237 2580 nulla
267 2519 346 2580 ratio
377 2527 441 2592 est,
472 2517 519 2580 his
549 2535 647 2599 praua
677 2527 709 2578 et
740 2517 824 2580 malo
855 2536 912 2580 suo
940 2525 1035 2600 atque
1057 2518 1088 2580 in
1111 2537 1293 2599 peruersum
1308 2527 1334 2568 ²0

79 2620 186 2686 sollers.
231 2625 345 2688 beatus
376 2627 458 2688 enim
490 2645 585 2687 nemo
614 2623 672 2687 dici
695 2633 802 2706 potest
824 2634 917 2688 extra
940 2626 1104 2688 ueritatem
1127 2625 1294 2706 proiectus.

54 2726 163 2798 abeata
184 2740 262 2812 erg'o
285 2732 350 2794 uita
372 2740 420 2794 est
443 2733 472 2793 in
493 2740 581 2794 recto
602 2739 753 2811 certoque
769 2731 882 2793 iudicio
897 2731 1033 2794 stabilita
1049 2739 1080 2794 et
1096 2729 1294 2792 inmutabilis.

79 2842 145 2898 tunc
167 2839 247 2900 enirn
271 2857 350 2919 pura
373 2857 462 2900 mens
486 2845 534 2899 est
549 2845 582 2899 et
597 2836 701 2900 soluta
716 2836 977 2912 omnibusmalis
1001 2857 1072 2900 cum
1089 2857 1153 2897 non
1168 2845 1292 2898 tantum

79 2939 272 3007 lacerationes
312 2946 371 3007 sed
401 2946 496 3007 etiam
527 2943 740 3006 uellicationes
771 2943 895 3025 effugit,
934 2951 1054 3006 statura
1083 2961 1210 3024 semper
1241 2941 1294 3004 ubi

78 3051 207 3112 constitit
237 3071 274 3113 ac
297 3051 407 3113 sedem
431 3071 520 3113 suam
543 3050 637 3112 etiam
663 3051 741 3112 irata
765 3056 796 3111 et
820 3048 985 3112 infestante
1009 3049 1133 3112 fortuna
1156 3050 1292 3111 uindica-
1307 3057 1333 3098 '2⁵

52 3169 63 3220 l
78 3161 147 3217 tura.
176 3177 248 3220 nam
264 3158 353 3238 quod
369 3159 409 3220 ad
426 3155 621 3239 uoluptatem
639 3157 782 3238 pertinet,
795 3155 866 3218 licet
879 3155 1144 3219 circumfundatur
1157 3157 1293 3236 undique

77 3270 104 3322 et
126 3283 178 3343 per
197 3264 302 3327 omnis
324 3265 388 3326 uias
404 3262 513 3326 influat
528 3263 730 3344 animumque
745 3261 967 3326 blandimentis
984 3263 1046 3326 suis
1062 3262 1156 3325 leniat
1171 3262 1294 3344 aliaque

77 3386 114 3428 ex
136 3369 196 3432 aliis
219 3372 399 3446 admoueat,
423 3369 535 3451 quibus
559 3379 646 3432 totos
667 3389 720 3430 nos
736 3379 904 3452 partesque
920 3371 1017 3432 nostri
1034 3369 1197 3454 sollicitet:
1224 3369 1293 3451 quis

78 3562 278 3574 *—

77 3701 174 3756 lhunc
192 3747 198 3760 .
213 3747 240 3761 ..
259 3711 284 3756 ut
304 3707 346 3772 qui
367 3703 463 3759 Gertz:
485 3707 534 3756 hoc
621 3711 677 3772 utqe
767 3704 953 3771 7dolorcsq;e
1044 3703 1174 3758 iltribuet
1194 3705 1290 3762 Gertz:

76 3792 155 3842 tribuit
239 3795 271 3848 10
296 3786 451 3860 neglegentia
470 3801 498 3846 tn
518 3795 543 3862 (a
563 3801 590 3846 tu
610 3794 637 3848 t'n
656 3795 724 3862 ras.)
816 3797 875 3844 illud
894 3797 921 3860 (d
940 3811 978 3849 ex
998 3803 1005 3844 t
1024 3796 1108 3862 corr.)
1201 3799 1288 3861 quies*

76 3878 111 3943 (in
128 3896 189 3949 ros,
207 3883 316 3938 uidetur
332 3879 423 3952 fuisse
443 3883 479 3951 es)
583 3884 614 3936 11
643 3885 766 3934 collocata
786 3883 881 3954 (prior
898 3884 907 3932 l
926 3886 1007 3948 corr.)
1107 3887 1138 3934 ed
1156 3886 1293 3935 sublimitas

76 3970 221 4036 expulsisq3*
330 3974 451 4022 erroribus
471 3968 634 4026 Pincianus:
656 3975 788 4023 terroribus
898 3972 932 4025 12
952 3974 1081 4025 immotum
1185 3973 1217 4027 14
1237 3975 1292 4038 cepi

162 4095 190 4148 15
208 4106 232 4147 et
250 4099 346 4148 tristitia
365 4095 463 4172 uulgo:
484 4063 642 4148 necfitristitia
733 4096 766 4150 19
790 4099 912 4161 ignoratio
927 4097 1090 4163 (correctum
1103 4097 1131 4150 tio
1144 4100 1292 4163 ignorantia,

75 4173 170 4237 lineola
186 4200 270 4256 supro
289 4187 412 4256 aposita
431 4193 456 4239 et
475 4203 491 4235 ο
511 4186 538 4237 in
558 4203 571 4236 a
592 4186 704 4252 mutata)
789 4185 822 4238 23
842 4191 1009 4247 tnncogtras.
1021 4186 1118 4256 porceti
1130 4191 1158 4238 ut
1173 4184 1313 4253 uiciniam„

161 4271 191 4325 24
208 4277 291 4340 effugit
310 4271 440 4342 Madm'q:
462 4275 575 4342 effugerit
629 4281 641 4302 ⁹
664 4273 698 4328 26
717 4275 867 4339 uoluptatem
887 4273 1050 4329 deteriores:
1071 4275 1220 4325 uoluntatem

75 4355 107 4410 27
128 4360 222 4428 alioqu
321 4361 354 4416 28
373 4369 514 4413 ammoneat
609 4369 673 4412 totos
692 4378 737 4411 nos
756 4359 848 4415 Koch:
869 4369 935 4412 totos
1037 4375 1170 4428 partesq;*
1188 4365 1291 4412 nostrin

76 4444 166 4510 (erasa
183 4452 202 4514 s)
709 4455 718 4470 ·
841 4443 844 4451 '
