3234 5336
384 393 538 435 acciuntur
557 393 619 434 cvu
640 391 846 434 unovrusu‘rm
867 391 920 434 sir.
941 393 978 437 iv,
993 391 1018 434 v¹
1271 372 1305 458 1'1
1386 447 1391 462 ι

90 541 190 614 hiems,
214 541 304 602 triste
319 537 442 601 caelum
458 539 580 620 premit,
602 536 739 620 maligne
754 536 856 602 solum
873 537 976 602 sterile
992 507 1155 614 sustentat,
1172 537 1305 600 imbrem

90 646 188 710 culmo
212 654 269 708 aut
292 645 405 708 fronde
429 645 611 720 defendunt,
634 665 727 725 super
750 646 862 707 durata
886 645 984 726 glacie
1000 653 1113 726 stagna
1129 644 1310 725 persultant,

57 756 114 816 liin
141 753 328 815 alimentum
360 751 440 815 feras
465 759 601 834 captant.
649 752 750 814 miseri
774 753 829 814 tibi
854 753 1016 814 uidentur?
1062 749 1135 814 nihil
1159 751 1307 814 miserum

91 872 131 924 est
153 862 243 942 quod
267 861 297 920 in
322 867 465 922 naturam
483 858 680 922 consuetudo
696 860 853 939 perduxit.
889 837 1039 941 paulatim
1057 859 1139 922 enim
1157 856 1310 940 uoluptati

90 976 153 1030 suut
184 986 266 1047 quae
301 967 487 1028 necessitate
519 975 700 1046 coeperunt.
759 963 843 1028 nulla
873 965 929 1028 illis
960 965 1116 1028 domicilia
1147 963 1337 1044 nullaeque⁵

91 1073 174 1136 sedes
198 1082 270 1135 sunt
309 1071 367 1134 nisi
390 1091 467 1152 quas
495 1072 648 1135 lassitudo
676 1073 705 1134 in
730 1073 814 1135 diem
838 1073 950 1154 posuit.
997 1070 1063 1134 uilis
1087 1081 1117 1134 et
1142 1071 1191 1132 hic
1214 1089 1309 1151 quae-

91 1181 198 1242 rendus
222 1199 319 1240 manu
344 1179 451 1254 uictus,
473 1178 632 1242 horrenda
655 1179 797 1259 iniquitas
821 1178 905 1253 caeli,
928 1180 1044 1242 intecta
1068 1197 1210 1260 corpora.
1249 1176 1311 1239 hoc

91 1285 170 1367 quod
200 1285 256 1348 tibi
287 1285 449 1348 calamitas
481 1285 616 1356 uidetur.
649 1293 697 1352 tot
729 1286 869 1366 gentium
895 1285 958 1347 uita
982 1294 1037 1348 est.
1091 1285 1166 1366 quid
1190 1285 1310 1346 miraris

56 1397 76 1446 tt
91 1395 186 1454 bonos
218 1393 314 1465 uiros,
340 1401 373 1453 ut
396 1390 635 1466 confirmentur,
660 1391 804 1454 concuti?
852 1411 915 1452 non
940 1399 988 1454 est
1011 1392 1105 1454 arbor
1128 1389 1229 1453 solida
1251 1409 1310 1452 nec

91 1497 170 1562 fortis
193 1499 250 1560 nisi
274 1500 304 1560 in
329 1517 424 1579 quam
448 1496 593 1579 frequens
616 1506 728 1560 uentus
752 1498 894 1560 incursat.
942 1498 1009 1580 ipsa
1033 1498 1115 1560 enim
1142 1497 1310 1560 uexatione
1328 1507 1350 1546 ¹⁰

91 1606 305 1686 constringitur
336 1613 368 1666 et
398 1605 518 1666 radices
550 1605 662 1667 certius
685 1602 764 1684 figit.
812 1603 936 1685 fragiles
959 1612 1033 1666 sunt
1055 1623 1136 1686 quae
1152 1604 1182 1664 in
1206 1603 1310 1685 aprica

91 1711 163 1774 ualle
195 1719 371 1774 creuerunt.
417 1730 475 1791 pro
506 1711 579 1790 ipsis
611 1729 688 1791 ergo
718 1711 810 1772 bonis
835 1711 906 1772 uiris
931 1720 994 1786 est,
1027 1719 1061 1772 ut
1085 1729 1154 1772 esse
1182 1709 1310 1772 interriti

91 1819 216 1898 possint,
249 1816 383 1882 multum
415 1817 495 1878 inter
526 1815 733 1878 formidolosa
764 1817 881 1880 uersari
912 1825 944 1880 et
975 1837 1078 1898 aequo
1102 1817 1207 1878 animo
1230 1815 1310 1878 ferre

91 1945 164 2006 quae
186 1944 252 1987 non
276 1933 349 1986 sunt
373 1922 455 1986 mala
478 1922 535 1984 nisi
559 1921 641 1984 male
664 1923 835 2011 sustinenti.

68 2041 74 2091 1
172 2031 350 2094 V.'Adice
373 2049 468 2105 nunc,
498 2030 586 2111 quod
617 2050 675 2110 pro
706 2031 852 2092 omnibus
884 2039 931 2093 est
962 2031 1118 2112 optimum
1143 2049 1310 2110 quemque,
1327 2043 1350 2082 1⁵

92 2147 121 2200 ut
142 2139 184 2200 ita
214 2138 329 2212 dicam,
361 2136 491 2200 militare
522 2146 554 2199 et
578 2137 673 2198 edere
696 2157 818 2218 operas.
869 2136 930 2198 hoc
954 2145 1002 2199 est
1025 2135 1223 2217 propositum
1247 2134 1311 2196 deo

91 2246 170 2325 quod
193 2244 326 2326 sapienti
349 2244 430 2318 uiro,
453 2242 621 2306 ostendere
644 2243 730 2318 haec,
753 2262 834 2324 quae
858 2242 970 2324 uolgus
993 2243 1126 2324 adpetit,
1158 2259 1239 2322 quae
1263 2259 1309 2302 re-

91 2350 244 2425 formidat,
276 2369 336 2412 nec
367 2349 455 2412 bona
485 2369 554 2412 esse
585 2369 643 2412 nec
667 2349 757 2412 mala.
803 2350 970 2431 adparebit
992 2358 1099 2411 autem
1122 2348 1209 2410 bona
1231 2365 1310 2422 esse,

91 2456 112 2518 si
133 2455 182 2518 illa
205 2477 269 2519 non
292 2456 349 2518 nisi
372 2455 465 2517 bonis
488 2456 560 2518 uiris
583 2456 737 2531 tribuerit,
762 2465 793 2520 et
816 2456 900 2520 mala
923 2475 1001 2531 esse,
1025 2456 1049 2516 si
1073 2463 1196 2518 tantum
1221 2449 1310 2516 malis

64 2562 282 2644 tinrogauerit.
329 2562 522 2625 detestabilis
554 2563 783 2638 eritcaecitaS,
814 2564 839 2624 si
870 2582 965 2624 nemo
997 2561 1106 2624 oculos
1129 2560 1309 2643 perdiderit,
1324 2573 1350 2612 ²⁰

91 2669 140 2731 uisi
165 2670 212 2732 cui
235 2669 365 2732 eruendi
389 2678 476 2732 sunt:
510 2670 615 2750 itaque
638 2677 765 2732 careant
781 2669 850 2732 luce
866 2669 990 2751 Appius
1007 2677 1038 2732 et
1054 2645 1208 2731 Metellus.
1247 2685 1310 2729 non

92 2785 158 2838 sunt
181 2775 306 2839 diuitiae
328 2776 468 2839 bonum:
503 2775 609 2856 itaque
631 2774 748 2838 habeat
771 2775 837 2838 illas
860 2785 892 2838 et
909 2775 994 2838 Elius
1010 2774 1091 2849 leno,
1116 2783 1150 2836 ut
1166 2773 1310 2835 homines

92 2882 261 2962 pecuniam,
294 2902 367 2944 cum
399 2884 429 2944 in
456 2881 582 2964 templis
611 2883 875 2957 consecrauerint,
909 2882 1036 2944 uideant
1067 2890 1099 2942 et
1130 2878 1308 2942 inforriice.

92 2987 172 3050 nullo
201 2989 300 3052 modo
333 2989 434 3070 magis
457 2996 564 3071 potest
587 2990 665 3052 deus
689 2989 856 3070 concupita
879 2989 1059 3063 traducere,
1090 3007 1185 3068 quam
1209 2987 1234 3048 si
1257 2985 1309 3048 illa

63 3105 76 3150 tt
93 3096 130 3155 ad
160 3095 354 3178 turpissimos
385 3095 498 3170 defert,
529 3095 570 3158 ab
594 3095 721 3177 optimis
752 3095 858 3176 abigit.
912 3102 945 3157 at
967 3095 1105 3174 iniquum
1137 3101 1185 3154 est
1208 3093 1308 3154 uirum
1323 3103 1349 3144 ‘2⁵

93 3197 205 3262 bon'um
228 3201 382 3264 debilitari
406 3211 459 3264 aut
482 3201 596 3284 configi
620 3211 674 3265 aut
697 3202 835 3283 adligari,
860 3201 961 3264 malos
981 3201 1108 3280 integris
1124 3199 1310 3282 corporibus

93 3305 206 3368 solutos
228 3328 266 3370 ac
288 3308 442 3370 delicatos
465 3309 618 3370 incedere.
657 3308 731 3389 quid
756 3307 875 3390 porro?
905 3315 1032 3369 nonest
1053 3307 1191 3386 iniquum
1211 3303 1309 3368 fortes

94 3411 172 3474 uiros
199 3433 287 3476 arma
320 3433 444 3476 sumere
468 3423 500 3476 et
524 3415 553 3476 in
577 3415 685 3476 castris
703 3423 895 3496 pernoctare
908 3422 950 3474 et
974 3431 1033 3494 pro
1056 3411 1139 3474 uallo
1163 3411 1309 3492 obligatis

93 3525 172 3580 stare
193 3520 380 3596 uolneribus,
404 3521 526 3583 interim
550 3520 581 3581 in
605 3520 683 3583 urbe
703 3539 830 3582 securos
846 3539 916 3582 esse
931 3519 1088 3601 praecisos
1104 3527 1136 3580 et
1152 3518 1310 3600 professos

93 3640 245 3650 v——u—-u-
254 3641 296 3648 -n

98 3711 217 3779 lhiemps
289 3715 378 3780 premit
450 3665 524 3764 susleal
597 3715 706 3766 unichi!
790 3714 819 3766 13
833 3712 934 3766 serrer'n
948 3711 1054 3780 ras.,t'n
1073 3726 1159 3782 marg.
1174 3727 1231 3781 rep.
1245 3712 1309 3762 nul

182 3803 359 3855 lloslenderet
428 3803 512 3868 uulgus
586 3803 679 3868 appetit
744 3803 774 3854 ld
787 3803 916 3868 apparebit
929 3817 962 3856 m.
975 3815 1028 3872 pr„
1041 3799 1200 3871 compendio
1211 3814 1309 3868 snpra-

94 3941 192 4012 scripto
201 3961 231 3998 m.
240 3943 286 3999 alt.
295 3942 431 3998 ritdr'casse
441 3942 550 3999 uidetur
561 3941 703 4014 legendnm
717 3958 777 3998 esse
787 3945 940 4010 apparebunt
993 3945 1028 3996 20
1041 3887 1165 3992 dellallilis
1220 3941 1310 3990 cecitas

179 4033 209 4086 ¹22
227 4041 249 4084 et
268 4034 329 4098 elius
347 4033 404 4098 leno
423 4033 496 4099 (unte
514 4039 538 4082 et
554 4030 640 4102 fortis
652 4033 765 4098 rasura)
837 4032 870 4085 25
891 4033 1005 4098 atiniqutl
1024 4033 1043 4098 (t
1057 4045 1128 4084 corr.
1142 4043 1179 4084 eac
1193 4029 1220 4094 d)

95 4173 126 4222 ‘25
139 4119 240 4224 debilarl
252 4175 292 4241 (ut
307 4171 415 4228 rridutur
428 4190 461 4231 m.
464 4190 511 4244 pr.
526 4172 734 4246 suprascripsit)
798 4174 889 4240 configi
903 4169 973 4240 cod,
987 4171 1090 4226 errauit
1104 4169 1215 4225 Fickert
1221 4187 1232 4232 ;
1250 4187 1309 4220 con-

95 4312 165 4377 fringi
182 4311 258 4384 Nenp.
277 4319 410 4382 constringi
426 4315 550 4369 Muretus
639 4315 673 4368 27
693 4317 782 4366 inicum
803 4315 828 4380 (c
847 4314 874 4367 in
891 4313 1061 4381 qmulalum)
1147 4315 1180 4364 28
1199 4269 1310 4362 ir'll'asnis

95 4399 135 4462 (m.
150 4417 216 4456 mun.
230 4405 293 4471 rec.)
384 4407 418 4458 ‘att
437 4406 556 4466 uulnerib;
649 4405 772 4474 praecisos
790 4401 846 4458 El:
867 4419 964 4454 securos
983 4403 1010 4452 rie
1027 4402 1113 4474 phisos
1127 4401 1208 4466 (curos
1220 4402 1250 4450 e”e
1267 4400 1309 4466 pbi

95 4488 119 4539 in
133 4504 196 4554 ras,
215 4494 257 4556 pbi
270 4509 303 4546 nr.
319 4495 384 4560 rec.)
