3212 5318
331 376 408 420 mnu.
419 376 470 421 xli.
498 377 539 418 AD
555 377 707 418 POLYlilVM
724 377 762 418 DE
777 375 1018 420 CONSOLAl'lONE.
1050 381 1079 420 ll.
1094 379 1125 421 ll.
1273 381 1338 444 283

91 539 103 586 :l
121 530 185 583 tum
217 523 402 584 moriturum
434 523 516 586 sciui.
564 523 678 586 deinde
709 524 821 587 adiecit
853 543 919 586 rem
951 523 1076 586 maioris
1100 531 1132 585 et
1156 523 1340 604 prudentiae

120 637 149 690 et
179 629 293 690 animi:
328 639 359 692 et
390 627 462 692 huic
485 629 526 692 rei
551 629 669 692 sustuli.
715 649 827 692 omncs
850 627 921 692 huic
945 629 987 691 rei
1011 627 1155 691 tollimur.
1202 629 1340 710 quisquis

120 736 158 797 ad
189 737 286 797 uitam
318 737 436 811 editur,
467 735 507 798 ad
540 746 676 800 mortem
709 735 882 798 destinatur
940 735 1135 816 gaudeamus
1167 755 1220 810 eo,
1253 735 1340 816 quod

120 841 257 916 dabitur,
290 843 522 924 reddamusque
553 843 601 918 id,
634 862 705 904 cum
736 861 947 925 reposcemur.
994 841 1087 905 aliurn
1111 843 1172 906 alio
1195 852 1341 926 tempore

119 947 179 1010 lata
203 948 478 1031 conprehenderit,
502 951 661 1012 neminem
684 949 906 1032 praeteribunt.
953 950 982 1011 in
1005 951 1169 1031 procinctu
1191 958 1253 1012 stet
1277 950 1368 1013 ani-t

119 1075 187 1118 mus
210 1065 242 1118 et
266 1056 307 1130 id,
331 1057 417 1137 quod
442 1075 571 1118 necesse
593 1065 650 1132 est,
674 1075 847 1137 numquam
870 1055 989 1130 timeat,
1013 1056 1099 1138 quod
1116 1056 1269 1120 incertum
1286 1063 1341 1131 est,

88 1177 100 1228 l
119 1182 243 1245 semper
267 1171 425 1244 expectet.
464 1162 539 1244 quid
563 1163 666 1226 dicam
682 1161 779 1226 duces
795 1164 972 1244 ducumque
988 1163 1174 1244 progeniem
1190 1171 1222 1225 et
1238 1161 1342 1224 multis

119 1278 170 1331 aut
186 1267 401 1358 consulatibus
418 1271 605 1351 conspicuos
621 1279 674 1332 aut
690 1267 854 1351 triumphis
866 1279 952 1332 sorte
964 1268 1129 1332 defunctos
1139 1269 1341 1331 inexorabili?

119 1385 185 1438 tota
209 1397 282 1438 cum
308 1376 432 1456 regibus
449 1395 547 1458 regna
562 1374 732 1459 populique
748 1369 820 1438 cum
836 1376 983 1456 gentibus
999 1375 1097 1438 tulere
1113 1373 1212 1437 latum
1229 1395 1338 1436 suum:

119 1503 246 1557 omnes,
278 1483 378 1545 immo
409 1485 515 1546 omnia
546 1484 575 1545 in
605 1481 749 1547 ultimum
774 1483 858 1546 diem
882 1491 1034 1564 spectant.
1080 1482 1252 1544 nunidem
1276 1481 1341 1543 uni·
1361 1495 1382 1535 ιιι

119 1591 214 1654 uersis
238 1589 308 1653 linis
332 1599 387 1653 est.
434 1589 528 1652 aliurn
552 1589 583 1652 in
607 1591 713 1652 medio
738 1610 827 1653 cursu
851 1591 915 1652 uita
939 1589 1069 1662 deserit,
1102 1588 1195 1650 alium
1219 1589 1250 1650 in
1273 1591 1342 1668 ipso

119 1696 204 1758 aditu
229 1695 381 1778 relinquit,
404 1697 498 1760 alium
522 1697 553 1758 in
576 1705 721 1761 extrema
744 1705 905 1760 senectute
928 1694 1095 1776 fatigatum
1118 1697 1180 1759 iam
1205 1704 1237 1757 et
1257 1695 1344 1758 exire

119 1788 298 1886 cupientem
331 1805 384 1866 uix
416 1803 551 1867 emittit:
586 1803 647 1866 alio
678 1804 806 1886 quidem
838 1811 933 1884 atque
956 1799 1017 1864 alio
1041 1813 1201 1884 tempore,
1233 1821 1344 1864 omnes

6 1989 7 1998 ἵ
119 1918 226 1973 tamen
258 1911 288 1972 in
320 1914 455 1978 eundem
487 1910 591 1976 locum
616 1913 783 1975 tendimus.
830 1919 976 1974 utrumne
999 1909 1122 1974 stultius
1145 1910 1198 1984 sit,
1230 1908 1344 1984 nesci0,

6 2001 8 2074 l
90 2027 102 2079 [ι
121 2016 321 2080 mortalitatis
344 2018 448 2100 legem
473 2020 626 2100 ignorare,
650 2039 691 2080 an
711 2018 918 2100 inpudentius,
941 2037 1093 2082 recusare.
1131 2017 1269 2096 agedum
1286 2013 1343 2090 illa,
1361 2027 1384 2068 ¹⁵

119 2143 200 2204 quae
220 2123 327 2210 ¹multo
347 2125 461 2206 ingenii
477 2129 521 2188 tui
537 2126 646 2188 labore
662 2124 821 2188 celebrata
837 2135 917 2200 sunt,
941 2125 970 2187 in
988 2143 1098 2188 manus
1114 2143 1211 2195 sume,
1236 2123 1344 2184 utrius-

120 2229 195 2292 libet
220 2231 358 2294 auctoris
382 2233 527 2307 carmina,
551 2253 632 2314 quae
655 2242 689 2295 tu
713 2234 757 2294 ita
780 2231 943 2307 resoluisti‚
967 2241 1001 2294 ut
1024 2229 1166 2312 quamuis
1189 2237 1346 2292 structura

120 2336 243 2399 illorum
269 2339 447 2413 recesserit,
478 2348 662 2420 permaneat
685 2339 787 2420 gratia
809 2347 927 2401 tamen.
973 2339 1017 2400 sic
1040 2339 1123 2399 enim
1147 2335 1198 2399 illa
1222 2357 1263 2398 ex
1287 2333 1346 2397 alia

120 2442 226 2526 lingua
257 2443 287 2504 in
320 2442 411 2507 aliam
443 2445 638 2523 transtulisti,
675 2455 723 2520 ut,
756 2447 842 2526 quod
875 2443 1087 2508 difficillimum
1121 2451 1202 2518 erat,
1235 2461 1346 2504 omnes

121 2551 252 2614 uirtutes
284 2549 313 2612 in
344 2551 477 2614 alienam
510 2561 542 2616 te
566 2555 742 2614 orationem
766 2560 893 2614 secutae
916 2553 996 2614 sint:
1031 2549 1132 2614 nullus
1154 2535 1213 2612 erit
1236 2550 1266 2612 in
1290 2546 1346 2610 illis
1360 2561 1386 2602 2⁰

120 2659 242 2740 scriptis
275 2657 368 2728 liber,
399 2659 452 2740 qui
483 2679 546 2722 non
577 2659 710 2742 plurima
733 2659 891 2720 uarietatis
914 2658 1071 2720 humanae
1095 2660 1349 2738 incertorumque

120 2784 250 2827 casuum
275 2773 308 2826 et
331 2765 529 2828 lacrimarum
554 2785 595 2828 ex
620 2764 679 2828 alia
702 2775 797 2848 atque
820 2763 878 2827 alia
903 2785 996 2828 causa
1020 2763 1182 2829 fluentium
1199 2761 1348 2844 exempla

90 2870 176 2934 stibi
208 2880 367 2952 suggerat.
413 2871 500 2954 lege,
531 2883 650 2954 quanto
680 2875 803 2954 spirituv
820 2873 998 2954 ingentibus
1030 2871 1199 2935 intonueris
1223 2868 1344 2932 uerbis:

120 2977 254 3059 pudebit
292 2987 324 3040 te
362 2979 467 3041 subito
506 2978 641 3042 deficere
680 2987 712 3042 et
750 3001 792 3042 ex
831 2987 919 3042 tanta
949 2978 1099 3041 orationis
1132 2975 1348 3056 magnitudine

121 3085 304 3148 desciscere.
359 3106 398 3147 ne
430 3086 641 3160 commiseris,
673 3095 708 3147 ut
738 3087 875 3168 quisquis
906 3105 965 3166 pro
997 3083 1147 3166 exemplo
1178 3102 1216 3144 ac
1247 3082 1347 3144 modo
1362 3095 1388 3135 2⁵

120 3191 238 3273 scripta
276 3201 329 3253 tua
368 3190 539 3254 mirabatur
578 3202 709 3272 quaerat
747 3193 913 3273 quomodo
953 3201 1019 3254 tam
1057 3190 1189 3272 grandia
1205 3183 1348 3271 ‘tamque

121 3295 315 3361 solidatam
340 3297 455 3378 fragilis
478 3299 600 3361 animus
623 3300 811 3380 conceperit.

95 3411 101 3461 1
214 3404 282 3466 Xll.
323 3405 430 3466 Potius
453 3405 494 3468 ab
518 3405 583 3467 istis
606 3414 646 3480 te,
671 3426 752 3487 quae
774 3413 932 3488 torquent,
957 3406 997 3466 ad
1021 3403 1101 3466 haec
1123 3409 1174 3464 tot
1197 3411 1229 3464 et
1252 3410 1348 3477 tanta,

122 3531 205 3593 quae
240 3510 461 3586 consolantur,
498 3520 647 3574 conuerte
678 3532 715 3574 ac
745 3513 865 3595 respice
896 3513 1036 3594 optimos
1066 3509 1193 3585 fratreS,
1229 3509 1348 3593 respice

121 3725 335 3733 ——----——--

123 3860 267 3916 dauiruli
358 3862 632 3930 fitimeatidquodD
723 3863 818 3918 omittit
830 3871 864 3914 est
873 3869 939 3933 posi
951 3866 1068 3914 incertum
1083 3861 1110 3916 Ε
1188 3861 1350 3928 9populique

123 3969 179 4002 cum
200 3953 325 4018 gentibus]
345 3949 380 4019 σί
401 3950 440 4004 ad
458 3951 536 4006 Helu.
557 3957 581 4016 7,
604 3958 613 4005 l
636 3959 720 4020 gentes
740 3955 892 4020 populosque
911 3955 1034 4004 uniuersos
1079 3995 1089 4012 ,
1161 3951 1193 4004 16
1221 3959 1304 4004 lmanu
1324 3950 1350 4003 B
1436 4003 1441 4012 ,

223 4041 254 4092 18
279 4043 358 4106 gratia
378 4047 460 4090 tamen
479 4040 506 4095 B
608 4061 636 4093 ex
655 4051 717 4097 ante
736 4044 784 4093 alia
803 4042 900 4096 omittit
919 4041 946 4096 Ε
1040 4041 1073 4096 20
1097 4039 1243 4092 turturesB

123 4131 198 4180 seculi
213 4127 240 4182 Ε
309 4131 353 4180 erit
367 4129 448 4200 uulpo
462 4139 512 4182 erat
529 4129 607 4186 BDE
676 4129 967 4196 22exiltaarqueDet
981 4127 1144 4195 illaatqueE
1213 4131 1246 4184 23
1260 4135 1350 4195 quanta

124 4221 235 4286 spiritum
256 4215 282 4272 B
300 4235 348 4284 quo
367 4220 451 4284 spiritu
470 4218 499 4273 Ε
585 4222 666 4272 uerbis
687 4218 825 4276 Bentleius
844 4222 914 4271 rebus
935 4217 1015 4274 BDE
1113 4218 1147 4272 25
1171 4219 1307 4269 decisscere
1327 4217 1354 4270 Ε

232 4324 277 4373 pro
302 4309 415 4372 exemplo
435 4326 464 4359 ac
483 4310 560 4360 modo
578 4306 657 4363 Koch
681 4312 794 4375 exemplo
813 4326 843 4360 ac
863 4311 940 4360 modo
961 4307 985 4362 B
1010 4309 1123 4375 exemplo
1143 4314 1183 4358 aut
1203 4309 1279 4357 modo
1298 4304 1353 4361 DE

124 4403 238 4462 exempto
257 4398 334 4446 modo
353 4393 467 4466 Madur'q
564 4397 597 4451 26
622 4400 758 4450 mirabatur
772 4397 868 4464 -Gerlz,
889 4399 951 4452 item
970 4413 1065 4468 marpo
1084 4395 1143 4451 cod.
1165 4394 1351 4451 Berolr'ncnsis

126 4487 252 4536 mirabitur
272 4482 296 4537 D
315 4491 340 4538 ei
358 4484 442 4556 uulpo
460 4487 605 4536 mirabiliter
624 4483 650 4540 B
668 4489 814 4538 mirabilitur
832 4485 861 4540 Ε
