3212 5318
318 365 395 410 nint..
406 365 457 408 ΧΠ.
486 365 528 407 ΑΒ
545 363 695 410 eouvsrvtt
712 368 751 410 DE
767 367 1010 414 CONSOLATIONE.
1042 373 1115 414 1115.
1263 377 1326 442 287

107 511 150 574 uir
172 511 205 574 in
227 512 290 575 hoc
310 523 410 588 natus,
434 531 474 574 ne
495 512 564 578 urbi
580 513 746 578 Romanae
762 523 816 578 aut
832 513 938 600 Scipio
955 517 1080 580 deesset
1096 524 1149 580 aut
1167 515 1328 600 Carthago

106 627 290 701 superesset.

80 741 86 792 1
193 725 265 789 XV.
296 725 368 808 [34]
394 725 481 809 Quid
497 727 630 792 reseram
647 729 782 792 duomm
799 728 1001 792 Lucullorum
1017 729 1206 814 diremptam
1224 740 1327 796 morte

106 835 327 896 concordiam?
375 835 450 914 quid
482 833 671 917 Pompeios?
719 836 831 918 quibus
862 856 902 898 ne
932 835 995 899 hoc
1023 837 1153 918 quidem
1185 841 1326 902 saeuiens

106 939 228 1020 reliquit
257 939 399 1016 fortuna,
430 949 463 1004 ut
495 959 556 1004 una
580 942 715 1023 denique
739 943 941 1006 conciderent
965 945 1068 1010 ruina:
1105 945 1182 1006 uixit
1206 943 1352 1010 Sextuss

106 1045 273 1128 Pompeius
296 1046 432 1128 primurn
456 1049 556 1111 sorori
579 1057 747 1130 superstes,
772 1051 857 1112 cuius
874 1061 978 1114 morte
994 1051 1115 1132 optime
1132 1050 1328 1116 cohaerentis

106 1153 270 1218 Romanae
292 1157 378 1236 pacis
401 1153 523 1218 uincula
547 1153 684 1218 resoluta
707 1166 787 1220 sunt.
833 1157 982 1239 idemque
1005 1157 1055 1220 hic
1076 1159 1154 1220 uixit
1170 1169 1328 1242 superstes
1373 1215 1376 1222 .

106 1261 227 1342 optimo
250 1259 352 1336 fratri,
383 1281 478 1342 quem
502 1260 628 1324 fortuna
652 1262 682 1324 in
706 1261 767 1324 boc
790 1274 957 1340 euexerat,
981 1285 1021 1328 ne
1045 1267 1145 1326 minus
1169 1265 1231 1328 alte
1255 1287 1327 1330 eum

106 1367 258 1444 deiceret,
297 1387 392 1450 quam
424 1379 548 1450 patrem
578 1368 743 1432 deiecerat.
798 1380 830 1432 et
861 1379 934 1453 post
965 1369 1047 1432 hunc
1080 1380 1188 1434 tamen
1220 1393 1327 1434 casum

3 1559 4 1562 Ἴ
106 1471 222 1537 Sextus
254 1474 423 1556 Pompeius
456 1495 519 1538 non
550 1484 675 1539 tantum
707 1477 824 1554 dolori,
863 1477 921 1540 sed
953 1481 1048 1544 etiam
1080 1477 1164 1542 bello
1195 1479 1324 1543 suffecit.
1343 1495 1367 1538 n

3 1597 4 1665 p
76 1580 340 1645 tinnumerabilia
372 1583 509 1666 undique
541 1581 691 1666 exempla
721 1594 938 1666 separatorum
972 1595 1075 1648 morte
1105 1584 1236 1648 fratrum
1260 1607 1326 1649 suc-

106 1699 245 1754 currunt:
282 1691 381 1752 immo
413 1699 523 1753 contra
554 1691 608 1753 uix
640 1691 702 1752 ulla
734 1711 882 1772 umquam
914 1691 1026 1754 horum
1050 1693 1136 1774 paria
1160 1703 1330 1775 conspecta

106 1805 176 1858 sunt
199 1815 259 1858 una
282 1797 485 1860 senescentia.
531 1797 587 1860 sed
611 1807 776 1861 contentus
800 1807 927 1862 nostrae
951 1801 1065 1862 domus
1089 1800 1244 1883 exemplis
1265 1821 1329 1863 ern.

3 1979 4 1990 ἵ
105 1923 198 1964 nemo
231 1903 314 1966 enim
348 1912 414 1966 tarn
438 1925 554 1985 expers
578 1905 636 1966 crit
659 1925 767 1968 sensus
792 1925 829 1967 ac
853 1906 1009 1996 sanitatis,
1041 1915 1075 1968 ut
1098 1905 1253 1969 fortunam
1278 1907 1330 1970 ulli

3 1991 4 1996 ἵ
102 2019 251 2090 queratur
282 2009 400 2073 luctum
432 2009 585 2087 intulisse,
624 2031 719 2092 quam
751 2013 827 2073 sciet
859 2011 953 2073 etiam
985 2009 1156 2074 Caesarum
1188 2012 1330 2076 lacrimas
1346 2031 1370 2072 u

75 2119 296 2201 iconcupisse.
344 2119 433 2182 diuus
456 2116 621 2198 Augustus
652 2117 755 2180 amisit
779 2117 945 2181 Octauiam
970 2139 1112 2182 sororem
1137 2120 1329 2182 carissimam

107 2233 134 2286 ct
166 2245 207 2288 ne
239 2227 266 2288 ei
298 2225 426 2307 quidem
450 2245 553 2288 rerum
578 2234 688 2287 natura
711 2224 837 2306 lugendi
862 2227 1082 2290 necessitatem
1106 2225 1250 2302 abstulit,
1283 2229 1330 2289 cui

106 2331 224 2394 caelum
242 2332 468 2396 destinauerat:
493 2332 591 2394 immo
609 2352 684 2394 uero
702 2332 786 2394 idem
803 2333 888 2394 omni
905 2353 1021 2414 genere
1037 2331 1180 2396 orbitatis
1196 2342 1330 2396 uexatus

8 2439 17 2454 “
105 2439 220 2501 sororis
252 2436 348 2500 tilium
380 2439 568 2502 successioni
597 2448 818 2520 praeparatum
843 2459 918 2502 suae
942 2440 1084 2522 perdidit.
1132 2442 1267 2522 denique
1291 2461 1330 2504 ne

106 2543 243 2627 singulos
275 2546 339 2608 eius
369 2543 470 2609 luctus
502 2565 700 2622 enumerem,
732 2555 764 2608 et
795 2567 930 2627 generos
958 2545 1008 2609 ille
1031 2549 1135 2612 amisit
1159 2556 1190 2612 et
1213 2546 1329 2611 liberos
1344 2565 1370 2605 in

11 2683 14 2696 ·
106 2661 135 2714 et
159 2662 302 2735 nepotes,
326 2673 363 2716 ac
386 2673 481 2716 nemo
505 2653 606 2732 magis
630 2675 671 2716 cx
696 2654 841 2716 omnibus
866 2653 1051 2716 mortalibus
1075 2655 1236 2718 hominem
1261 2675 1330 2718 esse

105 2779 153 2836 se,
185 2761 263 2822 dum
294 2761 374 2824 inter
401 2760 545 2824 homines
569 2743 652 2836 erat,
684 2761 799 2822 sensit:
832 2770 939 2823 tamen
964 2769 1013 2824 tot
1037 2769 1205 2842 tantosque
1228 2761 1330 2824 luctus

106 2869 187 2950 cepit
226 2887 328 2930 rerum
367 2868 507 2930 omnium
539 2868 779 2950 capacissimum
810 2867 875 2930 eius
905 2879 1015 2949 pectus
1046 2869 1208 2949 uictorque
1239 2868 1329 2930 diuus

105 2973 271 3056 Augustus
294 2995 357 3037 non
381 2975 519 3053 gentium
543 2973 767 3037 tantummodo
791 2983 1007 3050 externarum,
1036 2977 1094 3037 sed
1118 2976 1212 3038 etiam
1238 2974 1328 3037 dolo-

73 3084 172 3142 trum
196 3080 262 3143 fuit.
309 3080 405 3144 Gaius
430 3079 558 3156 Caesar,
583 3081 645 3144 diui
668 3080 816 3162 Augusti,
839 3081 981 3144 auunculi
1005 3083 1066 3144 mei
1090 3082 1196 3163 magni
1220 3097 1369 3164 neposne

105 3188 185 3252 circa
213 3188 333 3268 primos
356 3189 598 3250 iuuentaesuae
622 3207 721 3250 annos
745 3188 877 3250 Lucium
902 3188 1029 3252 fratrem
1054 3190 1251 3252 carissimum
1271 3189 1330 3252 sibi

104 3296 249 3376 princeps
272 3296 439 3358 iuuentutis
462 3296 634 3378 principem
659 3295 799 3357 eiusdem
823 3295 989 3358 iuuentutis
1011 3297 1114 3358 amisit
1130 3297 1159 3358 in
1176 3297 1329 3377 adparatu

103 3399 238 3464 Parthici
262 3399 336 3463 belli
358 3411 391 3464 et
411 3401 555 3482 grauiore
577 3402 677 3464 multo
693 3401 787 3464 animi
803 3401 931 3464 uolnere
947 3422 1043 3482 quarn
1059 3411 1173 3484 postea
1189 3403 1329 3483 corporis

73 3507 184 3571 nictus
208 3516 273 3570 est:
309 3509 396 3589 quod
419 3518 588 3590 utrumque
612 3517 643 3571 et
667 3510 804 3590 piissime
827 3509 913 3572 idem
936 3517 968 3571 et
985 3509 1151 3572 fortissime
1167 3508 1245 3571 tulit.
1281 3507 1330 3570 Ti,

105 3757 262 3830 icathargo
283 3753 332 3808 B·
398 3757 413 3808 3
433 3754 629 3808 Lucillorum-B
719 3761 799 3808 morte
818 3755 844 3808 Β
934 3754 1113 3822 breliquidB
1185 3755 1332 3810 deuexerat

106 3843 190 3898 Gertz
210 3851 317 3895 erexerat
339 3841 417 3898 ΒΒΒ
515 3845 543 3896 13
568 3843 766 3911 contemptusB
858 3843 891 3896 14
916 3847 1021 3910 expserit
1040 3844 1068 3899 B
1163 3843 1242 3898 illiti

105 3953 138 4004 ’16
159 3948 328 4003 OctauamB
355 3940 364 3954 ⁸
418 3949 452 4003 18
471 3957 570 4002 uexatus
588 3950 728 4005 ominirD
818 3950 950 4006 19su11)
1039 3951 1073 4004 20
1097 3935 1202 4003 enime⁶r⁵n
1225 3949 1248 4004 B

103 4040 135 4094 21
159 4057 188 4090 ac
208 4045 309 4106 nepotes
328 4037 382 4093 ΒΕ
469 4039 503 4094 22
522 4047 604 4090 tamen
624 4049 659 4091 tot
677 4043 703 4094 Β
721 4057 783 4090 nunc
803 4047 839 4091 tot
858 4037 912 4095 ΒΒ
999 4043 1031 4094 23
1052 4042 1239 4105 capacissimum
1262 4037 1330 4093 Gru·

103 4135 180 4184 ierus
199 4131 389 4195 paescissimum
409 4127 434 4183 Β
454 4130 637 4194 pacatissimum
657 4127 712 4183 ΒΕ
738 4185 740 4190 ,
780 4157 788 4168 ν
817 4130 850 4184 25
876 4131 906 4183 G.
922 4132 997 4182 Cesar
1016 4128 1042 4182 B
1151 4130 1262 4180 auunculi
1281 4131 1330 4178 mei

103 4220 189 4284 magni
208 4235 286 4284 nepos
301 4213 414 4287 Maduip
434 4219 545 4268 auunculi
565 4221 613 4269 mei
634 4235 663 4269 ac
676 4235 752 4285 nepos
769 4217 793 4272 Β
812 4221 923 4271 auunculi
936 4221 985 4269 mei
998 4219 1107 4284 adnepos
1121 4216 1145 4271 Β
1159 4219 1280 4288 (abnepos
1296 4215 1329 4284 Β)

192 4291 230 4360 b&
253 4309 393 4372 grauiorem
416 4305 439 4360 Β
540 4309 615 4357 animi
634 4309 720 4360 dolore
742 4306 793 4362 ΒΕ
889 4307 923 4362 29
949 4315 973 4358 et
990 4310 1099 4373 piissime
1122 4305 1200 4362 ΒΒΒ
1222 4307 1330 4372 piissime

103 4393 363 4466 uulp0,scd0f.18,
380 4399 390 4448 1
413 4397 546 4462 eademque
565 4403 588 4448 et
607 4406 751 4448 ornamenta
770 4401 880 4449 maxima
898 4400 1026 4449 hominurn
1045 4403 1098 4449 sunt
1117 4403 1141 4448 et
1160 4398 1254 4448 solacia

102 4489 144 4539 Ti.
165 4485 274 4540 addidit
293 4483 402 4558 Lipsius
