3212 5318
300 347 378 390 orat.
394 347 422 390 X.
451 345 493 388 AD
509 345 664 388 PAVLlNVM
680 346 719 386 DE
735 345 903 386 sxsvrrnrs
918 345 1015 388 VITAE.
1047 348 1077 388 ΙΒ.
1094 346 1125 388 ta.
1255 350 1318 414 243

104 491 268 556 ministerio
300 492 474 555 honorifico
504 493 632 573 quidem
663 493 720 554 sed
751 511 861 572 parum
893 492 934 553 ad
965 490 1092 554 beatam
1122 491 1218 554 uitam
1243 465 1321 574 apto

105 587 210 688 reuoca
244 609 277 662 et
309 600 415 680 cogita
446 619 509 662 non
540 600 572 661 id
604 599 704 680 egisse
735 604 768 659 te
798 598 839 659 ab
871 606 975 660 aetate
1003 587 1104 680 prima
1127 599 1213 660 omni
1236 598 1321 660 cultu

103 705 275 768 studiorum
308 703 495 779 liberalium,
527 714 561 768 ut
592 704 648 767 tibi
673 701 877 766 multamilia
901 703 1045 768 frumenti
1071 703 1153 766 bene
1176 704 1320 768 commit·
1390 733 1396 746 ¹

15 887 16 896 ἵ
103 821 251 874 terentur:
279 811 379 874 maius
402 811 555 894 quiddam
578 821 611 874 et
634 795 734 874 altius⁸
748 812 789 873 de
812 820 844 873 te
867 811 1064 892 promiseras.
1102 831 1165 873 non
1189 814 1323 874 deerunt

14 963 16 1000 ,
104 928 128 979 et
149 916 340 998 frugalitatis
362 927 496 982 exactae
519 917 661 980 homines
686 927 717 980 et
741 917 917 980 laboriosae
938 899 1062 1000 operae.
1095 925 1184 981 tanto
1201 919 1350 999 aptiores

15 1005 16 1076 Ϊ
104 1026 262 1106 portandis
287 1025 432 1088 oneribus
456 1025 549 1088 tarda
572 1024 710 1086 iumenta
733 1033 805 1087 sunt
828 1043 923 1106 quam
947 1021 1068 1096 nobiles
1086 1024 1163 1106 equi,
1188 1044 1322 1106 quorum

15 1143 16 1186 ἕ
79 1153 89 1198 n
103 1151 288 1212 generosam
312 1132 527 1214 pernicitatem
551 1131 619 1212 quis
643 1151 793 1212 umquam
818 1130 906 1212 graui
921 1131 1042 1192 sarcina
1056 1132 1189 1212 pressit?
1219 1132 1324 1212 cogita

14 1241 16 1312 J
104 1246 272 1319 praeterea,
296 1247 447 1320 quantum
471 1236 685 1302 sollicitudinis
707 1239 746 1300 sit
770 1239 811 1300 ad
834 1245 956 1300 tantam
980 1247 1013 1300 te
1037 1238 1154 1300 molem
1178 1237 1320 1300 obicere:

14 1319 16 1398 1
104 1365 169 1407 cum
197 1353 309 1408 uentre
331 1344 387 1410 tibi
409 1345 549 1408 humano
573 1345 736 1424 negotium
767 1353 823 1408 est.
869 1363 927 1406 nec
950 1344 1103 1408 rationem
1127 1345 1243 1426 patitur
1266 1365 1325 1406 nec

14 1435 16 1512 i
104 1453 259 1534 aequitate
283 1452 443 1532 mitigatur
466 1471 526 1515 nec
548 1450 609 1515 ulla
633 1471 726 1532 prece
748 1449 882 1513 flectitur
897 1449 1031 1534 populus
1048 1452 1193 1514 esuriens.
1225 1451 1365 1514 modom

15 1575 16 1582 ¹
105 1561 200 1622 modo
232 1559 313 1621 intra
343 1578 462 1641 paucos
492 1557 561 1622 illos
593 1559 674 1633 diae,
706 1555 819 1638 quibus
852 1554 886 1618 C.
918 1555 1035 1620 Caesar
1064 1558 1170 1640 periit,
1201 1559 1226 1620 si
1257 1561 1325 1640 quis

15 1693 16 1714 1
104 1665 203 1749 inferis
235 1685 347 1728 sensus
379 1675 442 1740 est,
474 1665 536 1728 hoc
559 1665 742 1746 grauissime
766 1663 885 1738 serena,
916 1666 1003 1746 quod
1033 1665 1152 1748 populo
1177 1665 1326 1728 Romano

106 1773 285 1854 superstite,
317 1771 465 1836 dicebant
496 1779 619 1853 septem
649 1780 703 1834 aut
727 1778 801 1834 octo
826 1781 913 1833 certe
937 1771 1057 1834 dierum
1082 1770 1196 1834 cibaria
1219 1791 1325 1854 super-

106 1899 177 1940 esse.
226 1879 304 1941 dum
342 1877 393 1942 ille
431 1889 546 1960 pontes
584 1878 714 1941 nauibus
753 1878 852 1958 iungit
891 1886 922 1939 et
953 1853 1069 1940 uiribris
1100 1879 1210 1960 imperi
1241 1879 1327 1954 ludit,

14 2039 16 2078 ἑ
106 1986 211 2047 aderat
245 1985 388 2048 ultimum
420 1985 575 2048 malorum
607 1985 745 2048 obsessis
773 2005 916 2066 quoque,
948 1983 1169 2048 alimentorum
1194 1995 1326 2066 egestas.
1345 2004 1368 2044 rs

14 2081 15 2148 l
106 2094 200 2156 exitio
233 2111 335 2173 paene
366 2113 402 2154 ac
432 2092 516 2154 fame
547 2092 686 2156 constitit
717 2099 765 2168 et,
795 2111 876 2172 quae
899 2089 1015 2154 famem
1040 2092 1192 2174 sequitur,
1224 2111 1327 2154 rerum

108 2199 355 2262 omnium-ruina
378 2199 484 2262 furiosi
508 2207 540 2260 et
563 2199 685 2262 externi
709 2210 741 2260 et
764 2196 923 2261 infeliciter
947 2197 1072 2279 superbi
1088 2199 1170 2279 regis
1187 2198 1327 2262 inritatio.

14 2345 15 2370 1
81 2323 93 2371 n
108 2327 198 2387 quem
229 2315 305 2370 tunc
333 2307 471 2370 animum
495 2305 672 2368 habuerunt
695 2299 750 2380 illi,
782 2305 895 2387 quibus
918 2313 985 2367 erat
1009 2306 1160 2368 mandata
1182 2303 1329 2368 frumenti

109 2413 218 2496 publici
244 2433 327 2487 cura,
358 2433 445 2488 saxa,
470 2411 594 2488 ferrum,
618 2411 715 2493 ignes,
738 2409 853 2473 Gaium
877 2412 1060 2494 excepturi?
1091 2431 1216 2474 summa
1239 2411 1327 2473 dissi-

109 2520 277 2584 mulatione
301 2529 424 2584 tantum
449 2522 529 2582 inter
552 2519 672 2580 uiscera
694 2518 819 2581 latentis
843 2517 916 2580 mali
938 2517 1097 2599 tegebant,
1122 2537 1193 2580 cum
1210 2518 1370 2580 rationein

108 2627 227 2690 scilicet.
276 2627 433 2709 quaedam
465 2627 547 2690 enim
579 2625 796 2707 ignorantibus
826 2625 1089 2706 aegriscuranda
1112 2634 1203 2705 sunt:
1238 2645 1331 2688 causa

14 2759 15 2766 ¹
108 2733 209 2798 multis
234 2734 389 2797 moriendi
412 2733 469 2796 fuit
492 2732 640 2796 morbum
664 2753 755 2794 suum
779 2751 880 2794 nosse.

81 2861 89 2911 1
192 2839 280 2902 XIX.
318 2839 438 2922 Recipe
460 2849 492 2902 te
516 2841 557 2902 ad
581 2838 660 2902 haec
678 2837 903 2918 tranquilliora,
927 2839 1050 2913 tutiora,
1074 2839 1200 2900 mafora.
1231 2837 1330 2900 simile

14 2989 15 2992 ,
108 2952 138 3006 tu
161 2955 253 3029 putas
278 2967 363 3021 esse,
396 2953 499 3008 utrum
525 2966 622 3022 cures,
646 2954 681 3009 ut
703 2947 926 3026 incorruptum·
941 2927 973 3008 e⁰t
997 2963 1015 3006 a
1037 2943 1146 3007 fraude
1169 2944 1328 3008 aduehen-

107 3051 183 3114 tium
206 3062 238 3116 et
262 3074 281 3115 a
304 3052 505 3134 neglegentia
527 3054 719 3115 frumentum
743 3049 978 3116 transfundatur
999 3053 1030 3113 in
1052 3051 1174 3126 horrea,
1198 3071 1238 3112 ne
1255 3071 1328 3112 con·
1344 3069 1369 3110 n

108 3167 199 3241 cepto
231 3179 342 3222 umore
367 3160 490 3222 uitiatur
514 3169 545 3222 et
569 3159 784 3234 concalescat,
816 3167 850 3222 ut
872 3160 914 3221 ad
938 3177 1118 3221 mensuram
1141 3159 1331 3240 pondusque

111 3407 118 3458 l
148 3409 177 3456 ad
202 3409 278 3461 beata
302 3409 353 3460 utta
379 3416 435 3472 apte
460 3421 549 3456 reuoca
574 3405 649 3470 coit,
677 3405 796 3460 seduna
816 3413 872 3472 apte
891 3405 961 3458 rein
982 3420 1094 3466 rasura,
1120 3405 1158 3458 ita
1177 3413 1220 3469 ut,
1240 3415 1330 3459 tetrum

107 3541 162 3596 apte
179 3549 213 3586 an
232 3541 292 3598 apto
310 3529 404 3599 fuerit,
422 3545 521 3600 parurn
542 3539 675 3601 appareat
727 3529 736 3548 ⁸
766 3531 781 3583 3
806 3507 917 3590 studiou
942 3531 1079 3581 liberalis*
1188 3530 1204 3582 4
1232 3511 1331 3582 deeiunt

106 3658 183 3720 (erunt
201 3657 227 3710 in
247 3653 316 3724 ras.)
408 3653 423 3708 6
442 3657 571 3721 portandis
590 3651 718 3726 Maduiq:
740 3657 898 3721 exportandis
989 3618 1119 3704 honeribus
1143 3656 1170 3722 (h
1189 3669 1330 3725 suprascr.

107 3797 139 3836 m.
160 3783 221 3850 reo.)
337 3781 353 3836 7
376 3755 429 3847 qrfs
543 3777 560 3832 8
585 3781 619 3830 ad
638 3784 706 3832 tantia
726 3785 749 3830 te
768 3781 836 3832 mole
855 3781 955 3830 obicere
974 3778 993 3848 (t
1011 3785 1075 3850 post
1094 3780 1134 3841 ad,
1153 3782 1178 3842 ti,
1198 3785 1214 3832 e
1233 3781 1331 3830 obicere

1110 3879 1117 3906 l

106 3922 131 3974 t'n
153 3927 223 3990 ros),
310 3923 342 3978 10
362 3925 500 3989 mitigastur
519 3927 541 3988 (s
561 3921 659 3990 deleta)
751 3939 825 3990 prece
915 3922 948 3976 11
975 3939 1044 3973 cesar
1062 3924 1126 3988 perit
1218 3922 1250 3976 12
1274 3939 1330 3990 gra·
1373 3927 1379 3935 '

106 4013 202 4062 nissime
221 4011 277 4066 El:
300 4013 438 4080 gratissime
564 4013 630 4077 quod
650 4013 743 4078 populo
763 4013 877 4062 Romano
897 4013 1037 4078 superstite,
1063 4012 1180 4068 dicebant
1199 4007 1328 4082 Madm'q:
1361 4087 1368 4101 ,

106 4137 173 4199 quod
190 4137 286 4188 dicebat
305 4141 329 4188 P.
346 4140 377 4188 R.
396 4139 539 4202 superstite
631 4137 663 4189 13
682 4153 728 4202 sup
742 4153 794 4186 esse
884 4137 917 4188 14
937 4112 1032 4202 imperi¹
1053 4134 1096 4203 (m.
1109 4149 1164 4189 rer.
1178 4135 1329 4204 suprascr.)

211 4227 243 4278 16
262 4228 338 4277 exititt
359 4228 386 4290 (u
406 4225 433 4278 in
452 4225 519 4292 rus.)
539 4241 601 4292 pene
621 4243 651 4275 ac
670 4227 735 4290 fame
828 4226 860 4278 nr
886 4227 966 4289 Quem
1058 4223 1091 4277 19
1116 4239 1182 4277 eura.
1202 4227 1228 4293 (a
1246 4222 1330 4290 corr.)

211 4318 355 4383 excepturi*
446 4314 695 4386 frtferpuncfr'orrem
715 4315 840 4368 correoet'f
855 4311 946 4379 Gertz,
966 4311 1048 4383 uulgo
1062 4317 1135 4364 cura?
1155 4330 1233 4368 saxa.
1248 4355 1254 4367 .
1269 4355 1275 4368 .
1290 4330 1330 4386 ex·

108 4457 200 4518 cepturi
218 4475 311 4508 summa
401 4457 432 4509 21
455 4475 527 4508 causa
547 4459 572 4525 (a
591 4465 663 4512 extr.
683 4459 767 4524 corr.)
859 4431 1048 4508 2401⁸rrauue
1138 4401 1240 4510 2fihiffe
1341 4511 1343 4517 ,

1029 4611 1030 4616 Ν
1064 4543 1115 4597 ro*
