3184 5318
267 321 328 379 150
483 313 562 355 nint.
577 313 617 356 Vl.
645 313 687 353 ΑΒ
702 313 845 354 MARCUM
862 313 901 352 DE
915 312 1159 356 CONSOLATIONE.
1187 315 1221 357 ²3.
1237 315 1271 356 ²1.

264 459 339 520 illud
371 457 507 520 obsoleti
539 458 677 539 inlitique
701 459 816 520 eluunt
862 479 920 519 nec
944 479 1094 540 umquam
1118 460 1241 540 magnis
1265 460 1394 540 ingeniis
1418 469 1509 522 catat

263 569 294 627 in
325 585 458 646 corpore
489 585 581 626 mora
611 573 667 625 est.
713 565 800 625 exire
822 573 918 644 atque
940 586 1106 647 erumpere
1129 567 1282 646 gestiunt,
1315 585 1410 646 aegre
1432 567 1482 628 has

263 673 422 752 angustias
439 670 550 746 ferunt,
575 673 647 750 uagi
662 692 719 752 per
735 690 839 744 omne,
862 671 1012 733 sublimes
1029 683 1119 735 etex
1135 673 1200 734 alto
1216 672 1336 734 adsueti
1351 672 1482 734 humana

263 780 444 860 despicere:
475 778 548 839 inde
571 786 620 838 est
643 778 730 857 quod
754 777 867 839 Platon
890 778 1020 852 clamat,
1051 779 1200 858 sapientis
1223 781 1362 840 animum
1385 789 1482 842 totum

237 887 293 946 rin
317 893 454 946 mortem
477 884 663 964 prominere,
687 883 749 943 boc
764 881 852 957 uelle,
876 882 939 944 hoc
955 883 1106 958 meditari,
1130 884 1189 946 hac
1204 905 1330 967 semper
1345 886 1482 966 cupidine

263 990 334 1053 ferri
356 992 387 1051 in
411 990 571 1052 exteriora
593 989 786 1050 tendentem.
817 991 892 1069 quid
916 1001 959 1064 tu,
983 990 1110 1064 Marcia,
1134 1011 1206 1051 cum
1222 991 1345 1052 uideres
1359 991 1509 1052 senilem3

263 1099 293 1158 in
323 1098 434 1158 iuuene
465 1096 682 1178 prudentiam,
721 1097 873 1157 uictorem
912 1098 1054 1158 omnium
1094 1096 1303 1179 uoluptatium
1341 1099 1482 1170 animum,

263 1205 485 1276 emendatum,
516 1211 676 1263 carentem
710 1202 802 1276 uitio,
833 1203 956 1264 diuitias
986 1206 1054 1265 sine
1083 1204 1226 1277 auaritia,
1256 1203 1394 1265 honores
1425 1205 1483 1264 sine

263 1309 453 1383 ambitione,
484 1306 664 1389 uoluptates
694 1308 760 1369 sine
790 1307 912 1370 luxuria
941 1311 1164 1390 adpetentem,
1195 1310 1248 1370 diu
1275 1310 1332 1371 tibi
1354 1311 1483 1391 putabas

226 1430 249 1469 1⁰
264 1416 348 1477 illum
379 1417 531 1496 sospitem
555 1435 650 1496 posse
674 1415 877 1495 contingere?
915 1417 1067 1496 quidquid
1091 1417 1133 1478 ad
1155 1436 1316 1478 summurn
1338 1417 1482 1498 peruenit,

263 1525 305 1584 ad
329 1523 450 1583 exitum
473 1528 632 1603 properat
680 1521 769 1602 eripit
792 1541 827 1582 se
849 1521 1012 1603 aufertque
1035 1543 1077 1584 ex
1101 1521 1198 1584 oculis
1221 1522 1362 1604 perfecta
1383 1524 1481 1594 uirtus,

263 1649 321 1690 nec
344 1627 490 1690 ultimum
514 1637 640 1710 tempus
664 1635 835 1708 expectant
858 1648 939 1708 quae
962 1631 993 1689 in
1015 1630 1119 1710 primo
1141 1638 1365 1691 maturuerunt
1410 1631 1510 1710 ignisl

263 1755 327 1814 quo
360 1733 469 1796 clarior
493 1732 590 1807 fulsit,
622 1734 710 1795 citius
734 1736 933 1814 extinguitur.
980 1725 1117 1796 uiuacior
1139 1745 1203 1808 est,
1234 1737 1286 1817 qui
1310 1756 1382 1797 cum
1404 1736 1482 1797 lenta

263 1861 301 1903 ac
324 1839 444 1902 difficili
462 1824 593 1901 materia
615 1840 801 1901 commissus
825 1839 976 1921 fumoque
1000 1842 1163 1903 demersus
1187 1862 1229 1902 ex
1252 1842 1383 1904 sordido
1397 1843 1482 1904 lucet.

227 1963 249 2000 ¹⁵
264 1949 376 2008 eadem
408 1947 491 2008 enim
522 1947 642 2007 detinet
671 1967 782 2020 causa,
812 1967 892 2026 quae
923 1947 1060 2027 maligne
1091 1947 1162 2009 alit:
1196 1948 1240 2009 sic
1270 1949 1394 2029 ingenia
1422 1970 1481 2030 quo

263 2054 455 2127 inlustriora,
492 2053 638 2114 breuiora
658 2062 756 2116 'sunt
807 2073 880 2114 nam
911 2053 964 2113 ubi
994 2055 1188 2116 incremento
1218 2053 1306 2116 locus
1337 2076 1401 2117 non
1430 2065 1481 2129 est,

262 2161 379 2222 uicinus
403 2179 533 2220 occasus
557 2169 613 2220 est.
652 2159 810 2220 Fabianus
834 2161 885 2233 ait,
907 2160 939 2221 id
962 2161 1050 2240 quod
1073 2161 1172 2221 nostri
1194 2181 1323 2242 quoque
1342 2170 1510 2242 parentestr

263 2266 376 2339 uidere,
399 2285 531 2346 puerum
555 2266 680 2326 Romae
703 2265 796 2327 fuisse
812 2275 934 2328 statura
949 2267 1075 2346 ingenti,
1100 2267 1154 2328 uiri
1170 2267 1386 2331 antecellente.
1429 2269 1482 2330 sed

262 2374 311 2434 hic
341 2373 403 2433 cito
435 2373 583 2445 decessit,
616 2381 648 2432 et
678 2373 863 2433 moriturum
895 2372 983 2433 breui
1014 2393 1109 2434 nemo
1140 2394 1204 2435 non
1233 2375 1372 2454 prudens
1399 2375 1481 2438 dixit.

223 2490 249 2530 2⁰
263 2498 328 2539 non
358 2485 485 2559 poterat
508 2479 590 2539 enim
615 2480 655 2540 ad
678 2476 762 2539 illam
786 2486 923 2540 aetatem
946 2480 1125 2559 peruenire,
1155 2499 1252 2560 quam
1274 2490 1481 2562 praeceperat.

264 2585 307 2647 ita
337 2593 404 2646 est:
437 2584 584 2646 indicium
615 2594 664 2644 est
692 2585 868 2646 inminentis
900 2585 986 2646 exitii
1009 2586 1103 2646 nimia
1127 2589 1288 2649 maturitas
1313 2598 1344 2648 et
1368 2589 1481 2670 adpetit

263 2691 332 2752 finis
356 2690 408 2753 ubi
432 2691 625 2753 incrementa
647 2701 837 2772 consumpta
858 2701 938 2752 sunt.

351 2797 472 2860 XXIV.
510 2797 614 2878 Incipe
638 2797 803 2859 uirtutibus
826 2796 921 2871 illurn,
945 2817 1010 2858 non
1029 2800 1116 2859 annis
1132 2800 1317 2861 aestimare:
1343 2801 1416 2862 satis
1431 2800 1506 2861 diut

264 2905 348 2965 uixit.
382 2903 514 2985 pupillus
531 2903 654 2966 relictus
670 2905 728 2965 sub
744 2913 885 2966 tutorum
903 2924 1091 2985 curansque
1107 2907 1148 2966 ad
1163 2915 1311 2985 quartum
1328 2907 1479 2968 decimum

223 3025 249 3064 25
264 3030 380 3072 annum
404 3008 467 3084 fuit,
490 3010 549 3072 sub
573 3011 680 3072 matn's
703 3010 802 3072 tutela
824 3031 959 3091 semper.
999 3030 1071 3072 curn
1095 3010 1227 3074 haberet
1249 3033 1324 3075 suos
1347 3021 1479 3094 penates

263 3116 436 3198 relinquere
459 3125 530 3178 tuos
554 3114 652 3177 noluit
667 3124 699 3177 et
714 3118 745 3177 in
761 3128 905 3179 materno
916 3097 1139 3194 contubernio,
1163 3140 1234 3181 cum
1252 3120 1304 3180 uix
1320 3129 1478 3201 paternum

263 3223 350 3284 liberi
374 3221 480 3298 ferant,
504 3225 724 3305 perseuerauit.
762 3223 946 3286 adulescens
969 3232 1096 3299 statura,
1119 3225 1356 3307 pulchritudine,
1378 3233 1479 3286 cetero

264 3330 404 3411 corporis
428 3329 544 3392 robore
568 3330 676 3392 castris
698 3338 789 3391 natus
814 3330 953 3392 militiam
978 3332 1139 3406 recusauit,
1163 3353 1203 3394 ne
1220 3353 1237 3394 a
1252 3341 1285 3394 te
1302 3331 1478 3393 discederet.

263 3515 475 3524 ψ...-

265 3636 380 3687 leluunt
400 3635 567 3691 Gronouius:
589 3641 663 3689 fluunt
752 3639 845 3702 2egre
928 3598 1027 3690 lindest
1112 3641 1172 3697 bin
1190 3649 1295 3690 mortem
1315 3640 1476 3694 deteriores:

263 3781 287 3828 in
306 3787 384 3828 morte
486 3739 610 3831 uuiderls
697 3781 725 3832 11
746 3787 862 3845 properat
880 3777 1021 3834 Muretus:
1043 3799 1121 3846 prope
1139 3789 1174 3832 est
1272 3782 1303 3835 13
1324 3741 1383 3832 citbs
1452 3771 1453 3776 ¹

264 3901 296 3954 11
314 3919 343 3951 ex
361 3879 461 3951 sordido
544 3902 576 3955 18
595 3905 687 3969 ingenti
700 3906 744 3954 uiri
757 3905 916 3954 antecellente
931 3902 1012 3958 Gertz
1026 3904 1098 3971 (licet
1110 3905 1189 3958 ctiam
1203 3905 1327 3959 conicere
1339 3903 1475 3970 aequante):

1338 4001 1360 4032 et

263 4045 367 4108 ingentis
386 4045 430 4093 uiri
450 4051 505 4095 ante
612 4044 645 4097 19
671 4052 694 4095 et
714 4048 855 4096 moriturum
881 4049 950 4097 breui
976 4064 1048 4096 nemo
1073 4065 1124 4098 non
1148 4050 1253 4113 prudens
1272 4046 1329 4100 ΕΗ
1361 4047 1477 4096 morituri!

263 4132 331 4181 breui
350 4149 423 4182 nemo
443 4134 547 4197 prudens
649 4134 684 4185 ‘20
707 4141 848 4200 preceperat
950 4135 982 4186 ‘21
1003 4137 1037 4184 ita
1056 4143 1104 4185 est:
1126 4138 1244 4186 indicium
1263 4145 1298 4187 est
1317 4133 1474 4188 Pincianus:

263 4221 298 4268 ita
316 4228 351 4269 est
369 4221 486 4271 indictum
571 4223 647 4270 nimia
666 4225 792 4273 maturitas
811 4222 872 4278 cod.
891 4226 1016 4273 maturitas
1035 4223 1118 4294 culpo
1202 4227 1294 4290 appetit
1376 4223 1407 4300 22
1421 4237 1474 4292 pro

263 4315 408 4373 consumpta
433 4309 508 4363 malit
529 4308 609 4362 Gertz
629 4318 798 4361 consummata
907 4312 940 4364 24
959 4319 1070 4378 quartum
1091 4310 1254 4367 dctm'orcs:
1275 4320 1372 4380 quatum

263 4403 296 4456 26
315 4410 394 4455 mater
411 4399 461 4480 noir
