3254 5314
293 367 358 431 224
508 359 586 407 mna.
600 357 630 404 Χ.
658 359 701 401 ΑΙ)
716 353 871 401 PAVLINVM
886 355 926 400 DE
940 354 1110 400 BREVl'l'ATE
1124 353 1224 401 Vl'l'AE.
1247 357 1268 402 i.
1283 354 1304 398 4.

293 510 553 590 conputationem
576 515 714 570 aetatem
738 514 827 568 tuam
850 515 974 568 'reuoca-
1020 503 1084 580 dic‚
1107 511 1259 586 quantum
1284 523 1326 566 ex
1349 505 1412 568 isto
1435 512 1515 566 tem-

292 633 371 696 pore
393 615 545 688 creditor,
569 621 723 694 quantum
746 611 860 687 amica,
883 619 1037 692 quantum
1060 631 1126 687 rex,
1150 621 1302 693 quantum
1327 609 1422 674 cliens
1446 611 1514 674 abs

292 717 409 795 tulerit,
433 728 585 800 quantum
608 717 645 780 lis
668 717 792 793 uxoria,
816 726 969 800 quantum
996 736 1159 780 seruorum
1183 717 1340 793 coercitio,
1363 725 1516 799 quantum

292 825 435 889 officiosa
458 845 514 906 per
537 822 649 887 urbem
673 824 865 896 discursatio.
896 822 987 886 adice
1003 822 1143 898 morbos
1166 843 1247 905 quos
1266 843 1362 887 manu
1377 821 1516 886 fecimus

267 933 383 996 sadice
412 932 500 1014 quod
530 934 598 993 sine
627 951 684 992 usu
716 930 826 992 iacuit:
860 928 982 992 uidebis
1013 938 1046 992 te
1076 930 1239 1011 pauciores
1269 949 1370 993 annos
1397 929 1517 995 habere
1588 1011 1590 1019 ,

293 1059 389 1122 quam
419 1057 575 1100 numeras.
620 1045 729 1118 repete
761 1035 914 1098 memoria
944 1044 1066 1110 tecum,
1103 1035 1232 1116 quando
1262 1045 1366 1099 certus
1398 1035 1548 1099 consilii3

292 1145 396 1220 iueriS,
419 1145 691 1226 quotusquisque
714 1143 782 1204 dies
805 1151 840 1204 ut
863 1141 1078 1204 destinaueras
1101 1144 1280 1217 recesserit,
1308 1141 1438 1225 quando
1460 1141 1517 1204 tibi

294 1271 367 1312 usus
390 1251 435 1313 tui
458 1248 563 1325 luerit,
594 1251 723 1332 quando
746 1247 777 1310 in
799 1255 884 1310 statu
907 1267 964 1309 suo
989 1245 1103 1323 uoltus,
1126 1248 1254 1330 quando
1277 1247 1400 1310 animus
1423 1249 1516 1310 intre-

293 1357 402 1438 piduS,
433 1357 508 1438 quid
539 1355 596 1420 tibi
619 1356 649 1418 in
672 1364 739 1417 tam
770 1353 869 1435 longo
892 1373 974 1416 aeuo
997 1353 1070 1416 sacti
1093 1354 1197 1436 operis
1219 1353 1276 1431 sit,
1306 1374 1402 1437 quam
1427 1352 1517 1417 multi

256 1463 390 1526 inuitam
421 1471 509 1526 tuam
534 1462 715 1544 diripuerint
737 1469 771 1524 te
793 1479 857 1523 non
881 1460 1044 1534 sentiente,
1067 1459 1143 1541 quid
1166 1461 1332 1541 perderes,
1362 1469 1516 1542 quantum

294 1588 393 1630 uanus
423 1567 531 1643 dolor,
563 1567 659 1630 stulta
688 1566 824 1641 laetitia,
854 1566 947 1628 auida
977 1563 1146 1646 cupiditas,
1176 1563 1294 1628 blanda
1317 1567 1516 1628 conuersatio

294 1672 471 1749 abstulerit,
502 1693 599 1755 quam
630 1674 781 1754 exiguum
814 1670 869 1734 tibi
901 1672 942 1733 de
968 1680 1025 1734 tuo
1049 1671 1190 1734 relictum
1213 1673 1271 1735 sit:
1298 1671 1462 1752 intelleges
1485 1681 1517 1734 te

294 1780 485 1842 inmaturum
521 1780 609 1841 mori.
662 1779 737 1859 quid
775 1797 852 1858 ergo
887 1787 936 1839 est
971 1778 1002 1838 in
1038 1782 1152 1840 causa?
1188 1786 1350 1860 tamquam
1390 1779 1547 1858 semperl

296 1880 406 1949 uicturi
445 1885 553 1948 uiuitis
600 1903 772 1965 numquam
811 1883 917 1945 uobis¹
933 1882 1081 1964 fragilitas
1113 1892 1218 1946 uestra
1248 1884 1406 1946 succurrit.
1454 1867 1517 1944 non

256 2011 279 2052 n
293 1993 484 2067 obseruatiS,
515 2000 668 2072 quantum
698 1992 761 2052 iam
793 1989 946 2071 temporis
976 1990 1138 2052 transierit.
1182 1989 1275 2053 uelut
1299 2011 1341 2052 ex
1365 1977 1463 2070 pleno
1487 1999 1518 2052 et

293 2099 464 2161 abundanti
496 2098 679 2180 inpenditis,
705 2107 782 2158 'cum
814 2097 937 2158 interim
961 2093 1092 2158 fortasse
1115 2095 1165 2157 ille
1188 2097 1256 2178 ipse
1278 2096 1331 2178 qui
1353 2095 1446 2158 alicui
1469 2096 1518 2156 uel

293 2204 412 2268 homini
435 2203 486 2266 uel
508 2206 552 2266 rei
576 2205 712 2265 donatur
735 2203 803 2264 dies
826 2187 953 2264 ultimus
975 2204 1024 2263 sit.
1056 2203 1163 2264 omnia
1184 2211 1349 2283 tamquam
1366 2201 1517 2264 mortales

207 2317 208 2326 ’
293 2311 426 2386 timetiS,
458 2311 564 2372 omnia
594 2318 759 2393 tamquam
789 2306 971 2370 inmortales
994 2308 1218 2390 concupiscitis.
1265 2309 1374 2371 audies
1397 2307 1548 2390 pleros-u

294 2439 356 2498 que
388 2406 599 2478 dicentesz'a
629 2415 890 2496 quinquagesimo
922 2433 1006 2476 anno
1036 2415 1067 2475 in
1097 2415 1197 2476 otium
1220 2415 1377 2478 secedam.
1426 2435 1518 2478 sexa-

255 2541 281 2582 m
296 2524 435 2604 gesimus
458 2543 511 2585 me
534 2541 633 2583 annus
656 2521 698 2583 ab
721 2520 830 2583 officiis
853 2521 999 2583 dimittet.
1046 2530 1078 2584 et
1100 2539 1197 2602 quem
1220 2522 1350 2584 tandem
1367 2519 1519 2602 longioris

295 2631 378 2692 uitae
405 2629 558 2711 praedem
582 2629 715 2710 accipis?
752 2628 820 2709 quis
849 2630 908 2690 ista
931 2628 1010 2689 sicut
1034 2627 1175 2709 disponis
1197 2627 1241 2688 ire
1263 2627 1423 2708 patietur?
1456 2649 1518 2690 non

229 2807 232 2813 ¹
293 2739 394 2818 pudet
425 2745 458 2798 te
489 2735 632 2817 reliquias
655 2737 739 2797 uitae
762 2734 818 2796 tibi
842 2753 1001 2796 reseruare
1024 2742 1056 2795 et
1079 2733 1110 2794 id
1133 2732 1237 2795 solum
1260 2742 1387 2815 tempus
1413 2735 1520 2796 bonae

294 2843 392 2904 menti
415 2842 580 2917 destinare,
603 2823 691 2923 quod
714 2843 745 2903 in
768 2839 885 2902 nullam
910 2859 977 2903 rem
1001 2839 1134 2902 conferri
1154 2841 1274 2921 possit?
1298 2861 1395 2922 quam
1412 2836 1519 2902 serum

294 2958 343 3011 est
374 2958 449 3011 tunc
481 2949 586 3010 uiuere
616 2949 768 3030 incipere,
799 2967 872 3010 cum
896 2948 1103 3009 desinendum
1128 2950 1211 3016 esti.
1227 2968 1308 3028 quae
1331 2955 1398 3009 tam
1423 2947 1521 3009 stulta

254 3071 280 3110 ‘2⁵
295 3054 495 3118 mortalitatis
530 3055 648 3117 obliuio
683 3056 714 3116 in
745 3054 1039 3137 quinquagesimum
1071 3059 1103 3114 et
1133 3054 1369 3134 sexagesimum
1400 3073 1519 3116 annum

295 3162 419 3224 differre
454 3181 530 3224 sana
562 3161 690 3223 consilia
725 3169 757 3222 et
787 3161 860 3222 inde
891 3159 972 3225 uelle
1002 3161 1099 3222 uitam
1131 3159 1295 3235 inchoare,
1330 3179 1396 3240 quo
1428 3159 1518 3241 pauci

293 3268 531 3350 perduxerunt?

382 3373 437 3436 lV.
484 3374 713 3436 Potentissimis
745 3381 776 3435 et
805 3375 837 3434 in
867 3372 965 3436 altum
997 3370 1127 3434 sublatis
1158 3371 1336 3434 hominibus
1367 3373 1546 3434 excideret

293 3499 390 3566 uoces
413 3480 549 3556 uidebis,
580 3479 693 3561 quibus
716 3480 816 3541 otium
840 3487 969 3560 optent,
999 3476 1145 3554 laudent,
1169 3478 1315 3540 omnibus
1337 3477 1432 3540 bonis
1455 3479 1517 3540 suis

296 3675 508 3684 ——-—-.

295 3798 309 3850 1
329 3799 540 3864 computationem
647 3797 662 3850 5
682 3799 754 3848 adice
771 3797 838 3862 quod
856 3793 994 3859 Muretus,
1014 3797 1086 3846 adice
1104 3802 1128 3846 et
1145 3798 1212 3861 quod
1231 3793 1339 3850 Haase:
1361 3798 1434 3847 adice
1451 3797 1518 3863 quod

294 3893 317 3937 et
336 3888 371 3952 (et
388 3885 583 3953 semidetetum)
608 3885 668 3940 cod.
689 3884 760 3939 Erat
777 3901 837 3940 cum
856 3885 1006 3939 conticerem
1031 3885 1098 3950 quod
1122 3886 1228 3935 otiosum
1251 3892 1275 3936 et
1297 3886 1352 3936 sine
1376 3901 1421 3936 usu
1445 3885 1518 3935 iacuit

294 3974 363 4030 conl.
384 3979 408 4038 i,
428 3981 442 4028 5
462 3976 524 4025 nibil
543 3976 600 4026 iude
618 3976 733 4026 incultum
753 3976 906 4039 otiosumque
924 3975 998 4025 iacuit
1110 3982 1135 4024 te
1153 3975 1281 4040 pauciores
1299 3972 1468 4030 deteriores:
1494 3979 1517 4022 et

294 4117 422 4182 pauciores
529 4074 635 4182 Mlius
733 4115 765 4168 10
789 4117 954 4180 diripuerint*
973 4111 1089 4183 (aliquid
1106 4127 1223 4180 aarum,
1239 4113 1364 4183 sortasse
1384 4115 1411 4183 7)

254 4202 549 4306 -12exigu1'iib¹detuo
635 4239 667 4292 13
686 4241 782 4290 moiri
796 4235 1160 4312 (antetaliqttt'derasttml
1228 4239 1261 4292 16
1280 4241 1413 4306 inpenditis
1426 4239 1516 4300 Koch:

294 4362 372 4427 pditis
462 4361 495 4414 18
513 4363 666 4412 immortales
756 4363 926 4427 concupiscitis
945 4359 1043 4430 uulpo:
1063 4363 1247 4427 concupiscetis.
1339 4339 1516 4416 allaborat?

296 4450 432 4518 (extrema
451 4451 459 4499 i
478 4451 562 4516 corr.)
653 4448 687 4503 24
706 4451 865 4500 desinendum
885 4457 928 4502 est.
948 4450 1045 4522 (supra
1057 4483 1064 4501 .
1078 4448 1185 4521 aliquid
1201 4455 1321 4512 erasum)
