3254 5314
288 356 352 418 254
449 348 529 392 DIAL.
545 347 586 392 XI.
616 349 656 390 AD
672 348 808 390 HELVIAM
824 347 954 390 MATREM
972 347 1011 390 ul:
1026 346 1269 390 CONSOLATIONE.
1291 323 1319 388 ..L
1335 349 1355 388 8.

284 493 350 558 suit.
397 494 449 558 ille
479 495 564 556 unde
594 491 774 576 expuleral,
797 493 912 556 eiectus
941 503 997 556 est.
1042 495 1086 556 ita
1108 492 1174 559 tato
1198 491 1313 573 placuit
1338 490 1449 554 nullius
1472 490 1516 552 rei

284 602 401 664 eodem
425 621 551 682 semper
574 599 645 663 loco
669 609 753 662 stare
777 598 943 664 fortunam.

373 708 457 771 VIII.
489 706 655 770 Aduersus
686 707 786 788 ipsam
818 707 1101 770 commutationem
1126 705 1268 768 locorum
1293 705 1442 770 detractis
1466 717 1550 766 ce-1

285 816 358 878 teris
382 816 609 890 incommodiS,
642 835 722 894 quae
753 812 849 876 exilio
872 812 1062 888 adhaerent,
1091 813 1165 874 satis
1188 812 1250 876 hoc
1273 813 1405 876 remedii
1428 821 1520 893 putat

245 939 257 976 ὁ
286 922 398 996 Varm,
422 922 621 984 doctissImus
640 921 871 994 Romanorum,
893 921 981 1001 quod
1004 913 1205 1000 quocumque
1229 920 1380 994 uenimus»,
1403 919 1519 980 eadem

285 1049 389 1092 rerum
414 1037 524 1090 natura
547 1029 708 1100 utendum,
723 1035 779 1088 est.
825 1026 869 1090 M.
892 1027 1008 1090 Brutus
1031 1027 1105 1088 satis
1129 1027 1190 1088 hoc
1213 1034 1312 1108 putat,
1335 1027 1423 1107 quod
1447 1023 1520 1088 licet

286 1136 316 1196 in
345 1133 473 1196 exilum
498 1133 643 1196 euntibus
667 1133 796 1196 uirtutes
827 1153 899 1196 suas
930 1153 1037 1197 secum
1070 1131 1157 1196 serre.
1203 1132 1282 1196 haec
1304 1133 1427 1194 etiamsi
1451 1134 1553 1214 quis?

266 1239 407 1322 rsmgula
437 1256 548 1322 parum
579 1240 695 1302 iudicat
726 1239 864 1304 efficacia
894 1240 934 1302 ad
958 1240 1187 1302 consolandum
1210 1239 1354 1314 ¹exulem,
1386 1249 1520 1320 utraque

286 1363 316 1424 jn
348 1367 443 1410 unum
475 1347 597 1410 conlata
628 1345 776 1410 fatebitur
805 1347 973 1429 plurimum
997 1367 1100 1427 posse.
1147 1346 1332 1428 quantulum
1355 1347 1438 1408 enim
1464 1355 1520 1420 est,

250 1471 274 1512 ru
288 1456 377 1536 quod
400 1454 582 1536 perdimus?
614 1455 679 1516 duo
703 1475 785 1536 quae
807 1453 1017 1535 pulcherrima
1040 1463 1121 1526 sunt,
1143 1469 1344 1534 quocumque
1366 1474 1427 1514 nos
1451 1474 1517 1514 mo-

286 1562 430 1635 uerImuS,
453 1572 638 1642 sequentur:
673 1569 785 1622 natura
808 1562 984 1622 communis
1008 1569 1040 1622 et
1063 1560 1190 1640 propria
1213 1561 1317 1622 uirtus,
1356 1561 1388 1621 id
1412 1571 1519 1625 actum
1538 1572 1552 1623 3

287 1675 351 1741 est,
383 1665 592 1742 mihicrede,
623 1667 664 1728 ab
687 1665 752 1742 illo,
784 1667 920 1748 quisquis
944 1665 1100 1730 formator
1123 1667 1256 1728 uniuersi
1279 1666 1352 1742 suit,
1380 1668 1448 1771 siue
1470 1669 1521 1731 ille

287 1774 364 1835 deus
389 1781 437 1834 est
460 1783 575 1855 potens
598 1775 749 1852 omnium,
772 1774 837 1836 siue
861 1771 1063 1854 incorporalis
1086 1775 1167 1834 ratio
1190 1773 1362 1852 ingentium
1387 1795 1520 1855 operum

286 1879 410 1954 artifex,
434 1879 500 1942 siue
524 1880 646 1942 diuinus
668 1881 792 1961 spiritus
816 1900 873 1960 per
896 1879 1002 1942 omnia
1018 1879 1166 1964 ¹maxima
1189 1899 1226 1942 ac
1249 1880 1378 1942 minima
1399 1880 1521 1962 aequali

250 2004 272 2043 n
287 1987 459 2048 intentione
482 1986 620 2059 diffusus
643 1989 710 2048 siue
733 1985 833 2048 latum
857 1996 889 2049 et
912 1985 1100 2078 inmutabilis
1125 2005 1287 2048 causarum
1312 1987 1392 2049 inter
1416 2008 1451 2058 se
1468 2009 1518 2050 co-

287 2093 482 2156 haerentium
507 2093 620 2155 series:
654 2095 695 2168 id,
719 2095 854 2174 inquam,
878 2101 984 2154 actum
1009 2100 1064 2168 est,
1090 2101 1123 2154 ut
1147 2093 1176 2154 in
1200 2093 1333 2154 alienum
1358 2093 1518 2156 arbitrium

287 2201 344 2262 nisi
375 2199 521 2262 uilissima
551 2219 695 2280 quaeque
725 2221 791 2262 non
822 2199 978 2262 caderent.
1029 2199 1183 2280 quidquid
1214 2200 1371 2280 optimum
1402 2199 1550 2268 hominii

288 2317 345 2383 est,
369 2308 402 2368 id
425 2317 517 2369 extra
540 2305 713 2369 humanam
736 2307 912 2395 potentiam
936 2307 1030 2380 iacet,
1053 2326 1111 2368 nec
1135 2307 1201 2368 dari
1224 2327 1283 2367 nec
1306 2307 1382 2387 eripi
1405 2316 1519 2388 potest·

278 2414 425 2476 mundus
455 2413 521 2487 hic,
553 2433 617 2492 quo
648 2412 721 2475 nihil
745 2433 847 2493 neque
871 2413 971 2474 maius
996 2432 1098 2494 neque
1122 2413 1260 2474 ornatius
1284 2433 1388 2474 rerum
1411 2424 1521 2476 natura

247 2521 396 2601 ingenuit
419 2528 451 2581 et
474 2520 596 2582 animus
619 2519 854 2601 contemplator
870 2521 1103 2600 admiratorque
1130 2519 1246 2593 mundi,
1269 2539 1342 2600 pars
1366 2520 1432 2581 eius
1456 2541 1518 2582 ma-

287 2625 550 2708 gnificentissima,
574 2626 701 2708 propria
724 2625 815 2688 nobis
839 2635 872 2688 et
894 2634 1048 2707 perpetua
1063 2634 1095 2688 et
1111 2626 1233 2688 tadeu
1249 2626 1416 2688 nobiscum
1433 2647 1518 2688 man-

287 2753 359 2794 sura
382 2741 463 2808 sunt,
487 2733 647 2813 quamdiu
661 2733 718 2814 ipsi
742 2732 948 2794 manebimus.
988 2731 1107 2794 alacres
1130 2733 1236 2812 itaque
1260 2741 1292 2793 et
1315 2733 1419 2807 erecti,
1444 2749 1549 2814 quo-5

287 2859 421 2920 cumque
445 2859 494 2901 res
517 2837 630 2913 tulerit,
654 2838 809 2919 intrepido
833 2840 934 2919 gradu
957 2857 1172 2920 properemus.
1220 2839 1407 2900 emetiamur
1430 2860 1519 2921 quas-

287 2967 422 3028 cumque
445 2955 560 3008 terras:
595 2944 714 3008 nullum
738 2946 866 3008 inueniri
887 2945 1014 3008 exilium
1030 2947 1111 3008 intra
1127 2946 1280 3008 mundum
1297 2953 1415 3025 potest,
1440 2944 1523 3027 quod

248 3069 273 3109 25
288 3052 422 3114 alienum
454 3052 576 3116 homini
606 3053 653 3115 sit.
708 3053 927 3132 undecumque
959 3073 1001 3114 ex
1033 3072 1135 3132 aequo
1166 3052 1208 3114 ad
1239 3051 1360 3114 caelum
1394 3053 1519 3134 erigitur

245 3186 253 3202 ·
288 3160 377 3233 acies
401 3159 528 3239 paribus
551 3158 718 3222 interuallis
743 3159 850 3220 omnia
872 3159 984 3222 diuina.
1000 3158 1041 3220 ab
1065 3158 1211 3220 omnibus
1234 3158 1377 3224 humanis
1393 3158 1517 3220 distant.

288 3266 421 3346 proinde
450 3268 526 3328 dum
558 3265 640 3329 oculi
664 3266 725 3328 mei
749 3267 790 3328 ab
813 3264 866 3328 illo
889 3265 1084 3348 spectaculo,
1115 3266 1200 3328 cuius
1225 3264 1415 3328 insatiabiles
1439 3272 1545 3339 sunt‚6

288 3392 352 3433 non
384 3371 596 3447 abducantur,
627 3374 703 3434 dum
735 3371 810 3434 mihi
841 3372 942 3434 solem
973 3371 1142 3453 lunamque
1169 3371 1280 3433 intueri
1303 3369 1409 3446 liceat,
1443 3372 1516 3434 dum

290 3478 401 3540 ceteris
432 3459 784 3556 Inhaerere'sideribus,
817 3479 892 3541 dum
923 3488 1013 3542 ortus
1044 3498 1153 3540 eorum
1186 3497 1379 3559 occasusque
1411 3487 1444 3540 et
1474 3479 1513 3539 in-

289 3848 305 3900 4
330 3849 403 3899 exilio
426 3848 547 3904 Tarnim:
569 3868 597 3900 ex
616 3851 659 3899 illo
750 3849 765 3902 5
789 3825 882 3915 q⁰cs1q;
993 3846 1026 3901 10
1052 3850 1175 3915 perdimus
1194 3845 1288 3902 Ir'oolr:
1309 3850 1418 3913 pdidim;

289 3948 381 4039 qocslqz
511 3973 543 4026 14
568 3951 802 4025 maximaacminima
822 3955 924 4040 equali*
1028 3972 1061 4026 15
1087 3981 1110 4023 et
1129 3974 1287 4022 immutabilis
1306 3971 1472 4026 deteriores:
1492 3979 1511 4020 et

289 4098 414 4148 mutabilis
545 4098 578 4151 19
602 4100 679 4148 arcui
704 4113 787 4163 neqn
931 4073 1037 4148 omna?
1057 4099 1078 4160 (s
1096 4112 1130 4148 m.
1145 4111 1191 4166 pr.
1211 4100 1240 4149 ur
1258 4094 1378 4162 uidetur)

290 4185 324 4238 20
348 4194 372 4236 et
391 4189 486 4236 animus
505 4185 603 4242 Gertz:
626 4189 720 4252 unimus
813 4186 849 4256 Ι23
876 4178 1019 4259 emetiamur
1039 4187 1128 4252 (iamur
1147 4186 1173 4238 in
1192 4189 1259 4248 rus.)
1356 4183 1391 4237 24
1417 4187 1510 4236 exilium

289 4273 397 4328 Haase:
419 4283 441 4324 el
460 4277 506 4327 illu
596 4282 676 4341 polest
694 4278 760 4341 quod
779 4277 884 4325 alienum
902 4277 998 4324 homini
1017 4277 1047 4324 sil
1066 4273 1141 4327 Koch
1161 4289 1220 4326 cum
1238 4271 1358 4326 Erasmo
1374 4281 1405 4327 ‘et
1425 4273 1509 4344 Lipst'o

289 4365 379 4431 (potest
403 4365 509 4414 alienum
535 4365 630 4414 homiui
650 4363 745 4418 Haase
770 4372 865 4431 potest;
891 4365 982 4414 nullum
1008 4367 1072 4414 enim
1092 4365 1171 4413 solum
1190 4366 1252 4414 intra
1270 4364 1389 4413 mundum
1409 4365 1508 4413 alienum

200 4505 204 4511 ,
289 4455 384 4503 homini
404 4459 439 4507 est
460 4451 598 4524 Madqulr
619 4460 654 4504 est
673 4455 778 4504 alienum
798 4455 893 4504 homini
912 4463 947 4504 est
1042 4453 1194 4516 291n9rere
