3212 5326
438 399 572 442 omnlv.
601 399 642 440 Da
657 399 708 440 lRA
723 397 779 442 ΗΒ.
795 399 823 442 11.
855 401 885 443 tt.
904 403 934 442 lt.
1082 371 1086 378 ·
1255 406 1294 468 67

91 546 240 628 aliquando
264 547 461 610 incutiendus
489 555 537 609 est
564 547 599 608 iis
623 554 726 608 metus
750 545 833 628 apud
857 565 937 626 quos
962 546 1041 608 ratio
1064 565 1129 608 non
1151 544 1294 628 prolicit:

91 652 161 714 irasci
191 651 319 734 quidem
342 673 407 714 non
430 653 531 734 magis
555 651 629 715 utile
654 661 701 714 est
724 671 820 734 quam
845 671 994 728 maerere,
1022 671 1118 734 quam
1148 661 1297 716 metuere.

69 759 148 840 aquid
178 761 275 839 ergo?
313 779 378 822 non
410 759 549 822 incidunt
580 779 693 822 causae
721 779 802 840 quae
825 759 903 820 iram
927 756 1102 822 lacessant?
1142 760 1200 821 sed
1224 769 1299 822 tunc
1386 783 1390 792 ·

90 866 210 927 maxime
248 863 290 950 illi
329 866 543 948 opponendae
574 886 685 928 manus
716 873 795 928 sunt.
850 885 909 928 nec
939 873 987 928 est
1018 863 1143 928 difficile
1174 866 1298 928 uincere

89 971 219 1047 animum,
242 989 314 1032 cum
338 971 476 1035 athletae
498 991 627 1054 quoque
649 971 680 1034 in
696 970 843 1034 uilissima
858 972 903 1034 sui
923 979 1013 1054 parte
1029 971 1173 1055 occupati
1189 980 1324 1034 tamena

89 1077 150 1139 ictus
173 1075 363 1160 doloresque
386 1079 555 1160 patiantur,
580 1087 615 1140 ut
637 1079 718 1140 uires
741 1079 901 1140 caedentis
924 1077 1119 1154 exhauriant,
1143 1097 1202 1140 nec
1225 1098 1297 1141 cum

68 1183 121 1244 lira
148 1185 271 1259 suadet,
303 1183 426 1260 feriant,
457 1187 515 1247 sed
546 1205 617 1248 curn
646 1183 780 1247 occasio.
826 1184 982 1263 Pyrrhum
1006 1185 1182 1246 maximum
1206 1205 1297 1268 prae·

89 1301 235 1370 raptorem
274 1291 452 1362 certaminis
487 1277 627 1372 gymnici
663 1290 790 1354 solitum
826 1291 911 1352 aiunt
949 1291 983 1352 iis
1014 1311 1095 1374 quos
1126 1291 1298 1354 exercebat

88 1397 260 1478 praecipere,
284 1419 325 1459 ne
348 1399 561 1461 irascerentur.
600 1398 645 1460 ira
660 1398 743 1460 enim
760 1397 924 1480 perturbat
940 1405 1040 1459 artem
1058 1403 1168 1479 etfqua
1184 1406 1298 1459 noceat

87 1511 193 1565 tantum
209 1504 351 1586 adspicit.
387 1525 482 1588 saepe
499 1506 603 1586 itaque
619 1504 699 1566 ratio
716 1504 899 1588 patientiam
915 1503 1037 1579 suadet,
1060 1504 1104 1565 ira
1120 1504 1297 1578 uindictam,
1316 1521 1338 1562 ro

67 1611 111 1669 let
133 1610 181 1690 qui
203 1609 311 1693 primis
328 1609 456 1692 defungi
473 1611 562 1674 malis
578 1612 747 1694 potuimus,
771 1611 801 1671 in
818 1610 938 1671 maiora
956 1609 1162 1672 deuoluimur.
1201 1630 1296 1692 quos-

87 1717 149 1776 dam
186 1717 274 1778 unius
310 1717 398 1779 uerbi
429 1716 621 1780 contumelia
650 1737 714 1779 non
745 1737 848 1798 aequo
880 1717 985 1778 animo
1016 1716 1081 1778 lata
1110 1718 1140 1778 in
1171 1715 1299 1778 exilium

87 1821 209 1901 proiecit.
248 1832 280 1884 et
304 1823 356 1904 qui
380 1823 483 1886 leuem
506 1823 648 1886 iniuriam
672 1822 794 1886 silentio
811 1823 890 1885 serre
911 1821 1084 1897 noluerant,
1108 1823 1299 1904 grauissimis

87 1926 162 1989 malis
199 1929 305 1992 obruti
342 1940 427 2006 sunt,
465 1931 681 2012 indignatique
715 1928 831 2012 aliquid
870 1949 912 1990 ex
943 1929 1122 2012 plenissima
1153 1928 1299 1991 libertate

87 2034 208 2097 deminui
231 2035 343 2097 seruile
366 2037 396 2098 in
420 2055 489 2098 sese
513 2037 718 2100 adtraxerunt
741 2037 857 2116 iugum.
1087 2014 1092 2024 ’
1313 2058 1338 2098 rs

65 2149 73 2200 l
162 2139 232 2204 XV.
273 2141 320 2204 Vt
349 2143 441 2218 sciaS,
476 2143 586 2224 inquit,
618 2143 695 2205 iram
726 2142 844 2204 habere
875 2142 906 2203 in
937 2161 973 2204 se
999 2142 1144 2222 generosi
1175 2139 1299 2223 aliquid,

86 2245 185 2309 liberas
208 2248 281 2310 uide
303 2248 345 2310 sis
369 2259 496 2330 gentes,
520 2269 601 2330 quae
624 2249 879 2311 iracundissimae
902 2257 983 2322 sunt,
1007 2257 1041 2310 ut
1065 2247 1243 2311 Germanos
1266 2255 1299 2310 et

86 2349 216 2432 Scythas.
263 2356 350 2436 quod
373 2357 493 2430 euenit,
517 2357 591 2438 quia
613 2355 705 2418 fortia
727 2355 891 2437 solidaque
914 2364 1024 2417 natura
1050 2356 1186 2435 ingenia,
1211 2362 1299 2416 ante·

85 2479 167 2540 quarn
198 2461 360 2543 disciplina
390 2460 582 2537 molliantur,
613 2481 714 2544 prona
744 2461 774 2523 in
805 2462 883 2523 iram
907 2469 986 2523 sunt.
1033 2461 1190 2544 quaedam
1214 2461 1298 2524 enirn

85 2585 140 2626 non
174 2567 232 2629 nisi
267 2567 447 2631 melioribus
484 2567 685 2630 innascuntur
722 2567 865 2649 ingeniis,
912 2568 991 2630 sicut
1030 2567 1133 2630 ualida
1170 2565 1298 2630 arbusta
1312 2587 1338 2629 ao

85 2669 155 2734 laeta
176 2675 319 2755 quamuis
343 2673 488 2754 neglecta
511 2673 602 2736 tellus
626 2681 727 2748 creat,
759 2687 790 2736 et
812 2674 876 2736 alta
898 2672 1022 2737 secundi
1045 2673 1103 2735 soli
1126 2673 1203 2736 silua
1227 2683 1293 2736 est:

63 2775 176 2859 litaque
198 2788 230 2842 et
253 2781 379 2862 ingenia
402 2790 512 2844 natura
535 2778 626 2844 fortia
649 2780 842 2843 iracundiam
866 2779 968 2842 ferunt
991 2778 1126 2860 nihilque
1150 2790 1243 2843 tenue
1264 2789 1297 2842 et
1325 2781 1328 2788 '

85 2883 154 2947 exile
184 2889 310 2969 capiunt
342 2888 434 2968 ignea
465 2897 497 2950 et
520 2887 652 2963 feruida,
682 2887 739 2949 sed
762 2886 951 2968 inperfectus
973 2885 1030 2948 illis
1055 2886 1145 2968 uigor
1168 2895 1230 2962 est,
1261 2897 1296 2949 ut

84 2991 229 3068 omnibus,
261 3013 342 3075 quae
373 2995 439 3056 sine
469 3001 537 3056 arte
569 2994 665 3075 ipsius
693 2987 817 3055 tantuin
849 3000 979 3054 naturae
1009 2993 1096 3054 bono
1128 3001 1296 3076 exurgunt,

84 3099 131 3158 sed
160 3101 215 3162 nisi
247 3101 309 3162 cito
341 3101 464 3163 domita
494 3108 580 3175 sunt,
611 3120 691 3182 quae
721 3098 893 3161 fortitudini
917 3108 992 3180 apta
1015 3108 1116 3191 erant,
1147 3101 1297 3162 audaciae
1311 3118 1337 3160 rr,

60 3206 301 3288 itemeritatique
340 3215 556 3268 consuescunt.
610 3207 706 3288 quid?
757 3227 820 3267 non
860 3206 1035 3268 mitioribus
1074 3207 1185 3268 animis
1224 3207 1298 3268 uitia

83 3307 188 3374 leniora
218 3314 385 3375 coniuncta
414 3320 501 3387 sunt,
533 3323 566 3375 ut
597 3313 811 3375 misericordia
841 3322 874 3375 et
904 3333 996 3375 amor
1026 3322 1058 3375 et
1088 3313 1297 3400 uerecundia?

83 3414 175 3498 itaque
198 3439 293 3501 saepe
316 3419 372 3481 tibi
396 3419 514 3481 bo'nam
538 3418 679 3482 indolem
697 3419 786 3481 malis
802 3439 929 3501 quoque
945 3421 1006 3482 suis
1023 3420 1201 3481 ostendam.
1240 3419 1296 3480 sed

59 3525 137 3584 lnon
165 3527 236 3587 ideo
260 3525 335 3588 uitia
358 3545 422 3589 non
445 3535 526 3601 sunt,
553 3525 578 3587 si
607 3535 736 3588 naturae
760 3525 896 3588 melioris
919 3527 1032 3588 indicia
1055 3533 1133 3587 sunt.
1181 3525 1297 3586 deinde

84 3647 183 3692 omnes
219 3633 297 3694 istae
328 3630 450 3694 feritate
481 3631 597 3694 liberae
630 3642 741 3713 gentes
773 3631 901 3694 leonum
932 3631 1142 3714 luporumque
1172 3633 1232 3692 ritu
1260 3639 1294 3692 ut
1308 3649 1333 3688 aa

84 3737 186 3800 seruire
215 3758 280 3800 non
311 3746 457 3821 possunt,
488 3740 530 3800 ita
561 3758 620 3801 nec
649 3739 814 3820 imperare.
865 3759 928 3801 non
959 3739 1042 3801 enim
1073 3737 1202 3799 humani
1232 3737 1296 3798 uim

85 3959 226 4032 dcausaque
245 3967 319 4032 (aque
337 3967 365 4019 r'n
384 3967 453 4032 ras.)
557 3965 572 4018 5
598 3968 631 4017 ad
649 3968 696 4032 lete
716 3967 744 4035 (d
764 3969 845 4032 corr.)
943 3967 958 4019 'i
984 3967 1071 4016 feriant
1092 3963 1188 4019 Gertz:
1209 3966 1296 4015 feriunt

144 4055 235 4118 Phyrru
339 4057 356 4108 s
375 4056 451 4106 solitu
471 4056 537 4105 aiunt
557 4055 585 4121 (u
605 4071 619 4104 a
639 4055 667 4108 in
687 4056 753 4121 ras.)
863 4055 878 4108 9
897 4056 998 4120 pturbar
1019 4055 1086 4119 (ptur
1104 4054 1187 4119 corr.)
1209 4055 1211 4062 ’

87 4136 111 4190 li
128 4142 229 4194 uide.sis
248 4141 325 4198 Koch
345 4141 423 4210 (conl.
443 4141 482 4196 ad
499 4141 586 4196 Maro.
609 4146 649 4208 19,
671 4146 713 4202 li:
735 4145 830 4194 uidebis
929 4143 961 4196 tri
980 4143 1060 4192 solida
1079 4159 1104 4207 q.
1124 4141 1161 4210 (q.
1181 4141 1209 4194 in
1227 4143 1295 4208 ras.)

144 4239 224 4282 nature
243 4231 267 4302 (e
286 4232 371 4299 corr.)
456 4232 488 4285 21
509 4233 573 4282 laeta
594 4229 688 4286 Gertz:
710 4239 733 4282 et
752 4233 816 4282 laeta
906 4233 938 4284 21
959 4233 1068 4282 neclecta
1088 4232 1111 4296 (c
1127 4214 1157 4282 ¹iri
1177 4248 1194 4294 g
1213 4231 1296 4296 corr.)

146 4319 192 4368 alta
210 4317 339 4390 Maduip:
367 4320 416 4370 alia
525 4321 558 4373 25
578 4321 632 4389 sed]
658 4327 680 4371 et
707 4318 788 4374 Gertz
895 4321 929 4372 26
949 4320 1109 4384 temeritatiq;
1137 4325 1296 4368 consuescunt

85 4403 192 4472 (erirariq3
212 4425 259 4459 con
277 4409 304 4462 in
325 4409 392 4475 ras.)
487 4407 521 4462 30
541 4411 600 4458 israe
620 4409 717 4462 ceteri:
739 4411 809 4458 istinc
830 4410 880 4475 (inc
900 4408 983 4476 corr.)
1074 4408 1150 4456 libere
1170 4407 1193 4473 (e
1212 4409 1295 4472 corr.)

146 4493 175 4547 31
196 4504 219 4548 ul
239 4498 259 4564 (l
278 4499 353 4566 corr.)

1046 4583 1083 4636 5*
