3234 5336
410 381 566 426 ACCIDANT
582 381 646 424 CVM
664 377 870 422 PnovtnsuTln
890 379 947 422 Sl'l'.
968 380 1009 422 Ill.
1295 389 1314 448 5

93 553 172 614 quae
195 533 332 595 aduersa
356 539 387 594 et
410 527 639 616 abominanda,
668 527 803 608 primum
826 547 885 608 pro
909 525 982 609 ipsis
1005 547 1074 590 esse
1097 527 1210 608 quibus
1233 529 1313 590 acci-

93 639 178 714 dunt,
201 638 319 701 deinde
335 657 394 718 pro
410 635 567 708 uniuersis,
590 653 726 715 quorum
743 634 842 696 maior
858 633 906 696 dis
922 653 995 696 cura
1011 653 1106 714 quam
1123 633 1317 714 singulorum

93 755 153 820 est,
185 754 258 826 post
282 744 345 806 hoc
369 740 545 806 uolentibus
568 741 711 804 accidere
734 760 771 802 ac
795 741 912 820 dignos
936 739 1020 802 malo
1044 761 1129 815 esse,
1158 741 1183 802 si
1207 740 1334 802 nolint*

93 851 136 914 his
167 851 302 914 adiciam
340 849 406 912 lato
436 850 495 913 ista
526 849 569 912 sic
600 848 643 910 ire
675 853 707 910 et
738 848 850 910 eadem
882 846 953 926 lege
984 846 1075 910 bonis
1107 847 1231 910 euenire
1254 866 1317 927 qua

92 967 160 1020 sunt
193 957 279 1020 boni.
326 954 524 1038 persuadebo
558 954 672 1018 deinde
703 953 774 1028 tibi,
811 973 851 1016 ne
881 973 1030 1035 umquam
1063 953 1139 1016 boni
1170 954 1225 1016 uiri
1258 954 1343 1016 nri-⁵

92 1064 227 1126 serearis.
274 1070 382 1145 potest
405 1062 487 1125 enim
512 1062 605 1124 miser
627 1059 696 1134 dici,
719 1067 914 1142 nonpotest
938 1080 1015 1123 esse.

66 1187 77 1234 t
177 1168 404 1232 Difficillimum
427 1189 469 1232 ex
492 1167 639 1231 omnibus
662 1187 743 1248 qnae
759 1167 908 1249 proposui
931 1167 1053 1231 uidetur
1069 1168 1157 1247 quod
1181 1167 1315 1247 primum

93 1277 170 1351 dixi,
210 1297 270 1358 pro
307 1275 380 1357 ipsis
416 1295 485 1338 esse
526 1273 639 1356 quibus
676 1274 824 1336 eueniunt
863 1275 921 1337 ista
957 1294 1038 1355 quae
1077 1273 1241 1336 horremus
1280 1294 1317 1336 ac

92 1384 260 1446 tremimus,
307 1402 366 1464 pro
396 1382 469 1464 ipsis
499 1389 564 1456 est,
595 1381 707 1462 inquis,
739 1380 769 1442 in
793 1379 921 1443 exilium
945 1381 1055 1462 proici,
1085 1381 1115 1442 in
1140 1389 1314 1461 egestatem

94 1489 214 1565 deduci,
246 1489 365 1552 liberos
395 1489 562 1568 coniugem
587 1485 719 1561 ecferre,
743 1485 914 1566 ignominia
937 1485 1044 1561 adfici,
1076 1483 1247 1548 debilitari?
1291 1486 1315 1546 si
1331 1497 1355 1538 1⁰

93 1596 205 1658 miraris
237 1594 318 1657 haec
348 1615 406 1676 pro
437 1593 541 1676 aliquo
572 1615 658 1668 esse,
690 1593 853 1656 miraberis
885 1592 1041 1673 quosdam
1074 1592 1156 1656 ferro
1188 1601 1219 1656 et
1243 1593 1314 1673 igne

93 1702 183 1764 curari
213 1722 273 1764 nec
297 1702 399 1764 minus
422 1699 505 1764 fame
528 1721 566 1762 ac
588 1701 646 1763 siti.
692 1699 749 1762 sed
773 1699 797 1762 si
821 1700 1008 1780 cogitaueris
1032 1709 1150 1774 tecum,
1182 1699 1311 1764 remedii
1393 1723 1396 1728 ¹

93 1827 181 1870 causa
204 1808 397 1890 quibusdam
421 1817 453 1870 et
476 1807 543 1870 radi
567 1827 639 1870 ossa
663 1814 695 1868 et
718 1805 779 1886 legi
803 1816 835 1868 et
856 1805 980 1868 extrahi
998 1825 1092 1868 uenas
1109 1814 1141 1868 et
1156 1808 1314 1887 quaedam

93 1916 243 1996 amputari
268 1913 414 1976 membra
443 1934 525 1996 quae
553 1913 618 1974 sine
646 1913 741 1976 totius
765 1911 901 1994 pernicie
935 1912 1075 1994 corporis
1099 1912 1228 1976 haerere
1252 1933 1315 1975 non

93 2029 247 2102 poterant,
279 2021 342 2084 hoc
371 2041 499 2102 quoque
531 2020 655 2102 patieris
679 2019 805 2100 probari
830 2019 898 2092 tibi,
930 2021 1087 2100 quaedam
1111 2020 1355 2084 incommodare,

93 2147 145 2207 pro
176 2127 223 2190 his
256 2147 327 2190 esse
357 2127 470 2208 quibus
503 2127 659 2200 accidunt,
691 2133 757 2188 tam
790 2146 841 2187 me
872 2123 1014 2188 hercules
1037 2145 1132 2206 quam
1157 2128 1313 2207 quaedam

94 2253 167 2312 quae
182 2233 352 2297 laudantur
367 2241 462 2314 atque
478 2235 670 2314 adpetuntur
682 2241 796 2316 pontra
812 2251 868 2294 eos
884 2251 954 2294 esse
971 2251 1052 2312 quos
1070 2231 1314 2307 delectauerunt‚

94 2339 241 2402 simillima
269 2340 474 2404 cruditatibus
505 2339 771 2420 ebrietatibusque
802 2346 834 2402 et
863 2339 972 2400 ceteris
1003 2359 1084 2420 quae
1115 2348 1228 2402 necant
1259 2359 1315 2420 per

65 2437 294 2528 3uoluptatem.
341 2447 420 2510 inter
451 2445 549 2508 multa
578 2445 745 2526 magnifica
768 2445 912 2508 Demetri
945 2445 1043 2508 nostri
1075 2453 1107 2507 et
1139 2445 1217 2508 haec
1247 2467 1314 2508 uox

96 2560 149 2626 est,
178 2573 283 2635 aqua
313 2571 421 2616 recens
451 2573 540 2634 sum;
574 2561 667 2616 sonat
698 2549 802 2614 adhuc
833 2560 864 2614 et
893 2551 995 2615 uibrat
1024 2552 1055 2614 in
1079 2552 1204 2614 auribus
1229 2553 1313 2614 meis.
1328 2542 1377 2609 ro'

96 2657 182 2736 nihil,
214 2661 330 2740 inquit,
354 2657 436 2720 milri
458 2657 583 2720 uriietur
604 2657 764 2738 infelicius
787 2678 835 2734 ea,
862 2657 914 2720 cui
934 2656 1019 2720 nihil
1039 2678 1190 2738 umquam
1213 2659 1319 2720 euenit

96 2765 227 2828 admrsi.
269 2786 333 2829 non
357 2766 440 2828 licuit
464 2766 546 2828 enim
570 2765 611 2828 illi
634 2785 669 2828 se
692 2766 835 2847 experiri.
880 2773 914 2828 ut
937 2785 978 2826 ex
1003 2774 1080 2828 uoto
1103 2764 1144 2828 illi
1168 2765 1315 2828 fluxerint

96 2874 202 2949 omnia,
225 2877 346 2936 ut¹ante
363 2882 482 2948 uotum,
505 2871 588 2934 male
608 2881 715 2934 tamen
731 2873 771 2933 de
791 2870 844 2933 illo
867 2872 897 2934 di
914 2871 1143 2935 iudicauerunt:
1170 2873 1315 2954 indignus

97 2979 172 3042 uisus
202 2990 250 3043 est
281 2999 388 3061 aquo
412 2980 588 3042 uinceretur
611 2978 780 3060 aliquando
808 2978 945 3054 fortuna,
975 2999 1057 3060 quae
1080 2979 1314 3060 ignauissimum

98 3105 246 3169 quemque
270 3085 397 3168 refugit,
428 3087 516 3168 quasi
540 3087 639 3161 dicat,
670 3087 746 3168 quid
778 3105 840 3167 ego
871 3087 965 3148 istum
997 3085 1071 3148 mihi
1100 3087 1314 3150 aduersarium
1330 3100 1354 3140 ²⁵

99 3193 274 3256 adsumam?
314 3195 419 3256 statim
450 3213 538 3256 arma
568 3193 742 3256 submittet.
789 3213 853 3254 non
884 3213 964 3274 opus
995 3203 1043 3256 est
1070 3195 1101 3255 in
1130 3192 1216 3256 illum
1246 3203 1315 3258 tota

99 3300 229 3377 potentia
260 3319 340 3362 mea.
396 3298 456 3362 leui
487 3300 720 3362 conminatione
750 3297 890 3381 pelletur.
938 3291 1002 3362 hon
1033 3308 1140 3382 potest
1163 3301 1315 3364 sustinere

100 3403 209 3468 uoltum
241 3427 357 3468 meum.
404 3407 481 3469 alius
512 3405 778 3488 circumspiciatur
809 3425 880 3467 cum
905 3426 969 3487 quo
993 3386 1134 3470 conferre
1157 3409 1315 3490 possimus

69 3523 225 3576 lmanum.
273 3512 372 3594 pudet
396 3513 546 3592 congredi
576 3532 646 3575 cum
675 3511 803 3574 homine
834 3512 914 3575 uinci
944 3521 1062 3594 parato.
1111 3514 1314 3594 ignominiam

102 3615 204 3680 iudicat
234 3618 390 3701 gladiator
421 3639 493 3681 cum
525 3618 668 3682 inferiore
700 3619 835 3701 conponi
867 3627 899 3681 et
930 3620 987 3682 scit
1018 3640 1090 3682 eum
1123 3621 1188 3682 sine
1217 3621 1316 3702 gloria
1330 3633 1355 3673 ³⁰

102 3721 178 3800 uinci,
199 3726 251 3806 qui
274 3726 341 3787 sine
364 3725 501 3806 periculo
519 3725 658 3787 uincitur.
696 3725 780 3787 idem
798 3725 871 3788 facit
886 3724 1026 3790 fortuna:
1054 3727 1241 3790 fortissimos
1257 3728 1314 3790 sibi

103 3848 180 3908 pares
202 3832 332 3913 quaerit,
356 3832 512 3912 quosdam
536 3831 661 3895 fastidio
684 3833 801 3907 transit,
826 3821 1135 3895 contumacissimum
1156 3855 1314 3916 quemque

106 4001 113 4052 l
130 4006 226 4057 aduersa
245 4013 269 4056 et
288 3972 475 4058 abhominanda
495 4007 531 4073 (r'n
546 4023 633 4078 marp.
648 4024 681 4063 m.
696 4009 723 4074 2)
796 4011 812 4060 ζ)
832 4009 878 4057 rliis
951 4009 966 4060 -l
986 4011 1021 4060 ire
1039 4015 1063 4060 et
1076 4006 1203 4078 Madm'p:
1225 4012 1314 4074 eirectp

179 4095 295 4162 bunquti
361 4097 376 4150 tt
391 4097 541 4160 inejestatem
611 4098 642 4150 111
656 4098 765 4160 heclerre
833 4099 904 4168 allici
972 4099 1352 4169 lllqb;dtiposltir·asura.

738 4175 751 4206 c

184 4217 212 4271 14
230 4222 314 4270 herere
391 4219 420 4272 17
438 4226 582 4285 appetuntur
654 4223 682 4274 ltl
701 4215 793 4287 neg'ant
867 4223 1033 4286 pnoluntatem
1048 4223 1074 4290 (n
1088 4221 1115 4274 t‘n
1128 4239 1144 4287 p
1157 4221 1241 4300 corr.)

105 4305 129 4354 tl
148 4307 218 4357 nichil
288 4310 364 4360 nichil
382 4313 465 4374 unquti
537 4311 570 4362 22
590 4311 637 4360 illis
651 4311 672 4376 (s
686 4294 749 4375 dell
823 4311 856 4363 ‘tit
876 4312 911 4360 dii
972 4310 1003 4363 L’l
1025 4327 1088 4376 aquo
1108 4311 1312 4378 (stuprantur.)

181 4395 212 4448 ts
225 4414 272 4462 ego
286 4394 340 4450 Eu
357 4415 417 4464 ergo
489 4400 523 4451 ’,111
542 4400 611 4450 uultu
684 4401 717 4452 ‘tlt
736 4405 824 4464 parato
841 4399 867 4465 (o
881 4398 908 4452 t'n
922 4415 977 4453 ros.
988 4397 1112 4466 fortasse
1127 4397 1184 4466 fuit
1204 4399 1240 4462 ns)

107 4479 135 4529 llll
149 4487 257 4550 componi
