3212 5318
307 341 371 403 232
507 336 585 380 DfAL.
596 337 625 380 Χ.
655 337 696 377 ΑΒ
712 335 867 378 anntttvnt
884 337 923 378 DE
939 337 1108 378 BREVITATE
1123 337 1220 379 VITAE.
1250 339 1282 378 to.
1301 337 1332 380 11.

306 491 339 545 et
362 482 387 544 si
411 490 511 555 uacet,
535 482 701 544 iniucunda
725 493 773 544 est
796 483 1005 564 paenitendae
1029 485 1072 544 rei
1094 481 1278 545 recordatio.
1325 479 1409 542 inuiti
1425 480 1515 560 itaque
1530 495 1541 544 :t

305 590 346 650 ad
363 599 510 670 tempora
526 588 609 650 male
624 597 738 651 exacta
753 589 891 652 animum
909 598 1059 652 reuocant
1076 609 1133 650 nec
1148 590 1266 651 audent
1280 608 1317 650 ea
1331 595 1515 667 retemptare,

305 715 438 778 quorum
472 696 562 770 uitia,
597 697 693 758 etiam
724 717 805 778 quae
836 697 940 777 aliquo
971 697 1144 778 praesentis
1176 695 1345 777 uoluptatis
1376 693 1515 754 lenocinio

305 803 535 884 subrepebant,
567 804 770 866 retractando
794 811 969 885 patescunt.
1016 824 1127 878 nemo,
1152 803 1208 864 nisi
1231 802 1306 884 quoi
1330 801 1436 862 omnia
1457 809 1518 860 acta

280 917 377 970 ssunt
400 909 614 980 subcensura
637 931 700 984 sua,
725 931 806 992 quae
829 931 1002 992 numquam
1027 909 1148 984 fallitur,
1173 909 1307 971 libenter
1330 929 1365 970 se
1388 908 1418 968 in
1439 927 1517 987 prae-

305 1016 432 1077 teritum
470 1024 639 1097 retorquet.
693 1016 742 1078 iile
773 1020 825 1098 qui
858 1017 957 1080 multa
987 1017 1157 1081 ambitiose
1188 1017 1360 1098 concupiit,
1397 1012 1518 1094 superbe
1533 1026 1543 1076 t

306 1124 506 1203 contempsit,
530 1123 709 1203 inpotenter
730 1124 811 1198 uicit,
835 1123 980 1188 insidiose
996 1125 1131 1205 decepit,
1154 1143 1247 1184 auare
1264 1123 1374 1202 rapuit,
1398 1119 1519 1201 prodige

305 1228 430 1301 effudit,
463 1249 592 1289 necesse
615 1239 664 1292 est
688 1233 874 1292 memoriam
898 1252 988 1292 suam
1012 1232 1141 1294 timeat:
1176 1231 1262 1310 atqui
1285 1228 1365 1290 haec
1389 1236 1436 1288 est
1457 1247 1520 1306 pars

306 1337 459 1416 temporis
490 1338 588 1397 nostri
620 1356 720 1398 sacra·
739 1356 777 1398 ac
808 1338 970 1412 dedicata,
1002 1337 1107 1400 omnis
1130 1335 1286 1399 humanos
1310 1353 1404 1396 casus
1423 1352 1518 1413 super-

268 1457 291 1496 w
306 1461 431 1522 gressa,
462 1451 554 1502 extra
584 1462 717 1522 regnum
741 1441 885 1506 fortunae
908 1443 1079 1518 subducta,
1110 1463 1206 1525 quam
1230 1461 1294 1503 non
1318 1441 1437 1522 inopia,
1466 1459 1520 1499 non

307 1557 427 1622 metus,
458 1568 521 1608 non
553 1549 738 1611 morborum
772 1550 912 1612 incursus
943 1551 1092 1630 exagitet:
1139 1550 1219 1611 haec
1250 1569 1310 1610 nec
1332 1547 1451 1609 turbari
1472 1565 1521 1606 nec

306 1655 383 1736 eripi
418 1663 543 1735 potest:
560 1722 566 1732 ,
585 1665 738 1736 perpetua
770 1657 834 1718 eius
864 1665 897 1718 et
928 1657 1083 1738 intrepida
1112 1657 1272 1738 possessio
1305 1664 1361 1716 est.
1423 1651 1522 1730 singuli

306 1769 429 1823 tantum
462 1761 545 1834 dies,
578 1770 609 1823 et
642 1761 672 1824 hi
695 1784 751 1843 per
775 1772 955 1850 momenta,
987 1772 1169 1844 praesentes
1193 1771 1283 1824 sunt:
1319 1768 1352 1822 at
1376 1758 1522 1842 praeteriti

307 1869 461 1949 temporis
485 1887 613 1942 omneS,
637 1889 708 1930 cum
732 1870 871 1944 iusseris,
895 1871 1037 1944 aderunt,
1061 1871 1104 1931 ad
1127 1869 1287 1932 arbitrium
1312 1875 1403 1929 tuum
1427 1865 1523 1944 inspici

268 1990 291 2028 u
307 1995 340 2034 se
364 1994 402 2034 ac
424 1974 555 2036 detineri
578 1977 744 2056 patientur,
768 1978 856 2058 quod
880 1976 983 2039 facere
1006 1977 1169 2057 occupatis
1186 1996 1249 2037 non
1268 1982 1369 2036 uacat.
1406 1991 1522 2034 securae
1538 1985 1549 2028 tr

306 2089 338 2142 et
360 2079 485 2161 quietae
509 2082 622 2142 mentis
646 2091 694 2144 est
717 2082 747 2142 in
772 2103 884 2145 omnes
905 2084 988 2146 uitae
1008 2104 1084 2146 suae
1099 2092 1205 2164 partes
1221 2083 1415 2144 discurrere:
1442 2097 1523 2140 occu·

304 2195 452 2270 patorum
481 2187 592 2262 animi,
624 2188 709 2251 uelut
731 2190 791 2250 sub
815 2192 890 2271 iugo
913 2189 991 2265 sint,
1023 2190 1150 2252 flectere
1173 2210 1208 2251 se
1231 2209 1268 2250 ac
1291 2188 1448 2269 respicere
1469 2203 1523 2244 non

304 2303 445 2375 possunt.
492 2294 558 2356 abit
581 2293 674 2374 igitur
697 2297 762 2357 uita
785 2316 895 2360 eorum
919 2297 949 2358 in
972 2297 1165 2378 profundum
1190 2304 1221 2357 et
1244 2304 1279 2356 ut
1302 2293 1378 2356 nihil
1394 2293 1523 2374 prodest,

304 2399 377 2461 licet
399 2410 552 2480 quantum
577 2399 653 2463 libet
676 2402 808 2482 ingeras,
831 2403 856 2464 si
879 2425 944 2466 non
967 2403 1085 2477 subest,
1108 2403 1196 2484 quod
1213 2402 1352 2482 excipiat
1368 2419 1406 2462 ac
1422 2405 1523 2469 seruet,

265 2506 350 2567 usic
373 2505 446 2567 nihii
470 2505 564 2569 refert
587 2518 740 2589 quantum
764 2510 916 2592 temporis
940 2511 1048 2584 detur,
1072 2511 1096 2571 si
1120 2529 1184 2572 non
1208 2517 1264 2582 est,
1288 2505 1344 2569 ubi
1367 2505 1520 2568 subsidat:

288 2632 362 2693 :per
396 2632 527 2693 quassos
564 2611 746 2696 foratosque
782 2618 905 2678 animos
940 2618 1168 2678 transmittitur.
1225 2634 1377 2695 praesens
1409 2623 1523 2692 tempus
1539 2621 1550 2670 t

305 2718 524 2782 breuissimum
555 2729 619 2796 est,
650 2715 732 2784 adeo
763 2723 909 2803 quidem,
942 2732 976 2785 ut
1006 2723 1197 2804 quibusdam
1230 2721 1349 2784 nullum
1382 2721 1522 2780 uideatur.

305 2825 334 2885 in
359 2845 449 2887 cursu
473 2825 555 2889 enirn
579 2847 706 2908 semper
728 2839 785 2901 est,
810 2828 876 2890 fluit
899 2837 931 2890 et
954 2830 1185 2911 praecipitatur.
1233 2836 1308 2892 ante
1329 2826 1442 2888 desinit
1463 2843 1524 2885 esse

305 2953 401 3012 quarn
433 2933 535 3007 uenit,
566 2954 625 2995 nec
648 2935 749 3014 magis
773 2955 897 2996 moram
922 2935 1038 3016 patitur
1060 2955 1157 3017 quarn
1183 2936 1321 2996 mundus
1345 2941 1401 2996 aut
1423 2932 1525 3001 sidera,

266 3053 291 3092 2⁵
305 3058 440 3117 quorum
472 3039 644 3121 inrequieta
673 3061 800 3122 semper
829 3043 959 3122 agitatio
991 3061 1165 3124 numquam
1198 3042 1226 3102 in
1258 3042 1382 3102 eodem.
1401 3037 1525 3116 uestigio

306 3152 420 3205 manet.
467 3144 570 3215 solum
595 3146 686 3225 igitur
709 3147 750 3208 ad
775 3156 948 3227 occupatos
969 3167 1119 3228 praesens
1134 3149 1271 3229 pertinet
1287 3157 1424 3228 tempus,
1446 3143 1525 3226 quod

306 3259 372 3312 tam
397 3251 494 3312 breue
517 3260 581 3326 est,
604 3262 639 3313 ut
662 3252 761 3333 adripi
784 3274 848 3314 non
872 3255 987 3334 possit,
1013 3262 1044 3315 et
1068 3254 1098 3314 id
1123 3257 1227 3336 ipsum
1252 3253 1311 3314 illis
1335 3251 1479 3314 districtis
1500 3249 1525 3309 in
1555 3251 1558 3255 ’

307 3354 406 3418 multa
428 3357 619 3420 subducitur.

396 3462 450 3523 XI.
489 3463 633 3544 Denique
669 3466 715 3526 uis
746 3465 825 3527 scire
855 3487 951 3547 quam
983 3487 1046 3529 non
1078 3467 1131 3528 diu
1162 3467 1291 3530 uiuant?
1337 3466 1411 3528 uide
1439 3473 1551 3545 quaml

267 3582 293 3622 ³0
308 3567 434 3648 cupiant
455 3569 507 3629 diu
524 3571 638 3631 uiuere.
685 3571 834 3651 decrepiti
850 3593 941 3635 senes
957 3593 1130 3655 paucorum
1148 3593 1306 3634 annorum
1323 3570 1526 3634 accessionem

311 3881 475 3931 liniocunda
496 3882 522 3946 (o
541 3883 624 3947 corr.)
670 3875 672 3880 ¹
716 3887 889 3981 penitende·(e
907 3888 933 3940 in
952 3889 1020 3962 rar)
1110 3888 1321 3954 fsubrepebant
1341 3885 1369 3942 E
1375 3889 1400 3937 ¹:
1420 3884 1527 3948 subripie·

1435 3985 1477 4012 110ss

308 4021 396 4070 bantur
415 4019 579 4089 (priorbr'u
593 4023 659 4085 ras.)
749 4028 806 4089 quoi
821 4024 970 4082 Gruterus:
991 4047 1041 4095 quo
1133 4031 1167 4082 10
1186 4031 1283 4080 fortune
1376 4033 1425 4096 qut‘t
1453 4025 1526 4089 inopia

415 4107 448 4160 13
474 4123 518 4171 per
541 4117 666 4158 momenta
685 4108 847 4166 deteriores:
868 4120 955 4180 pmoni
974 4124 1057 4167 menta
1169 4118 1200 4170 14
1226 4120 1327 4169 iusseris
1348 4117 1404 4173 Εἲς
1426 4113 1527 4166 iusseritis

418 4195 450 4248 ’15
470 4195 591 4258 patientur
608 4196 699 4248 nescio
717 4199 792 4266 quis:
814 4206 935 4266 patiuntur
954 4207 1033 4271 (untur
1052 4205 1079 4258 fn
1098 4207 1166 4272 ras.)
1260 4207 1294 4260 ’16
1314 4210 1365 4272 uite
1386 4211 1413 4273 (u
1431 4206 1457 4258 fn
1469 4199 1523 4262 ras.)

416 4281 451 4333 20
470 4282 564 4330 refert*
663 4284 692 4335 21
716 4289 813 4337 Presens
917 4292 949 4343 25
969 4295 1020 4342 inre
1037 4296 1120 4358 quieta
1140 4295 1179 4360 (fn
1199 4311 1287 4364 muru.
1308 4313 1344 4348 m.
1365 4303 1379 4348 ³
1401 4294 1526 4358 inrequieta,

310 4419 361 4474 sed
372 4435 459 4490 supra
472 4438 488 4470 n
501 4420 605 4490 tertiata
618 4428 659 4476 est
671 4424 730 4490 ιι)Ἰ
786 4431 876 4483 ineods
966 4434 999 4486 Ξῖ
1019 4435 1093 4500 arripi
1184 4396 1260 4501 possit.
