3234 5336
289 333 331 394 32
565 325 645 370 DIAL.
666 324 694 368 ll.
713 325 755 366 AD
775 324 917 366 SERENVM
937 325 997 365 NEC
1017 324 1160 364 INIVRIAM
1177 323 1237 364 NEC

287 474 365 536 alter
388 474 504 555 premit
527 472 639 533 uolnus
663 479 694 534 et
718 480 780 534 stat
803 473 832 533 in
856 474 966 554 gradu,
989 472 1067 532 alter
1083 471 1249 552 respiciens
1265 470 1307 531 ad
1323 468 1509 530 clamantem

288 578 440 663 populum
471 577 625 659 significat
655 577 730 640 nihil
760 599 830 640 esse
862 586 894 640 et
924 579 1075 640 intercedi
1103 598 1166 638 non
1195 578 1319 658 patitur.
1365 597 1430 637 non
1459 583 1537 649 est,3

289 688 377 769 quod
400 698 490 768 putes
514 706 679 766 magnum,
703 707 767 766 quo
793 686 997 748 dissidemus:
1038 683 1114 746 illud
1138 703 1202 765 quo
1227 685 1267 745 de
1291 683 1402 763 agitur,
1425 683 1509 762 quod

290 815 386 856 unum
418 795 459 854 ad
490 813 548 853 uos
578 793 724 874 pertinet,
756 803 887 872 utraque
919 789 1067 873 exempla
1098 791 1277 865 hortantur,
1309 799 1509 852 contemnere

251 919 264 958 u
290 901 412 962 iniurias
443 908 475 960 et
506 919 585 980 quas
616 899 792 961 iniuriarum
825 899 952 960 umbras
984 919 1021 960 ac
1045 898 1236 980 suspiciones
1260 898 1407 972 dixerim,
1439 917 1508 957 con-

290 1007 446 1082 tumeliaS,
478 1007 518 1067 ad
551 1026 629 1087 quas
661 1006 878 1088 despiciendas
910 1026 972 1065 non
1004 1007 1145 1086 sapiente
1169 1025 1249 1086 opus
1274 1013 1321 1066 est
1345 1005 1426 1078 uir0,
1459 1005 1510 1064 sed

291 1123 414 1176 tantum
447 1112 651 1193 consipiente‚
687 1113 739 1192 qui
776 1111 833 1172 sibi
864 1111 964 1192 possit
1000 1113 1119 1174 dicere:
1162 1101 1265 1173 utrum
1297 1112 1411 1173 merito
1443 1111 1513 1172 mihi

292 1222 350 1282 ista
374 1221 520 1281 accidunt
543 1239 582 1280 an
607 1213 767 1280 inmerito?
799 1219 823 1280 si
839 1205 971 1294 merito,
995 1239 1059 1280 non
1084 1227 1132 1279 est
1148 1218 1346 1300 contumelia,
1371 1218 1511 1280 iudicium

293 1336 349 1388 est.
394 1329 419 1387 si
443 1326 596 1400 inmerito,
621 1324 662 1386 illi
685 1327 737 1407 qui
761 1325 872 1388 iniusta
895 1325 980 1400 facit,
1010 1327 1259 1388 erubescendum
1284 1334 1340 1390 est.
1386 1337 1419 1388 et
1442 1325 1539 1406 quidt

255 1457 278 1497 ro
293 1442 340 1495 est
364 1431 440 1494 illud
464 1433 550 1513 quod
575 1424 765 1494 coirtumelia
790 1432 917 1495 dicitur?
949 1434 979 1494 in
1003 1434 1112 1514 capitis
1136 1434 1198 1494 mei
1221 1433 1382 1494 leuitatem
1399 1434 1513 1494 iocatus

293 1549 341 1602 est
372 1547 405 1600 et
436 1540 466 1600 in
498 1538 662 1601 oculorum
695 1539 908 1601 ualetudinem
938 1548 969 1600 et
999 1539 1029 1600 in
1054 1561 1178 1602 crurum
1201 1539 1410 1622 gracilitatem
1435 1551 1466 1601 et
1487 1541 1512 1600 in

293 1654 462 1708 staturam:
498 1667 579 1726 quae
603 1646 793 1707 contumelia
816 1655 872 1722 est,
896 1648 984 1726 quod
1008 1657 1139 1729 apparet
1167 1649 1294 1708 audire?
1327 1668 1435 1708 coram
1457 1668 1513 1708 uno

294 1751 411 1834 aliquid
427 1754 546 1814 dictum
571 1753 717 1827 ridemuS,
742 1772 849 1814 coram
873 1753 1013 1834 pluribus
1036 1753 1243 1834 indignamur,
1268 1763 1300 1815 et
1324 1774 1436 1815 eorum
1456 1753 1514 1815 aliis

294 1860 473 1921 libertatem
505 1879 569 1920 non
601 1859 816 1939 relinquimus
849 1880 929 1941 quae
960 1860 1016 1940 ipsi
1048 1860 1077 1920 in
1101 1881 1160 1922 nos
1184 1862 1287 1922 dicere
1311 1862 1514 1922 adsueuimus.

258 1989 282 2028 15
298 1967 374 2028 iocis
398 1967 582 2048 temperatis
606 1966 809 2040 delectamur,
832 1965 997 2028 inmodicis
1020 1968 1186 2029 irascimur.

386 2073 490 2134 XVII.
530 2070 725 2153 Chrysippus
758 2074 800 2133 ait
823 2074 983 2153 quendam
1007 2073 1217 2153 indignatum,
1247 2075 1335 2153 quod
1358 2074 1445 2135 illum
1468 2074 1540 2135 ali-1

297 2181 365 2261 quis
389 2199 555 2241 ueruecem
580 2180 732 2240 marinum
758 2180 890 2240 dixerat.
931 2181 962 2240 in
985 2189 1095 2242 senatu
1113 2179 1241 2241 flentem
1258 2181 1394 2241 uidimus
1409 2182 1515 2242 Fidum

299 2285 494 2360 Cornelium,
526 2286 662 2347 Nasonis
687 2283 783 2348 Ouidi
814 2305 982 2366 generum,
1014 2307 1086 2347 cum
1110 2285 1195 2348 illum
1220 2285 1362 2348 Corbulo
1385 2287 1515 2349 strutho-

300 2393 456 2456 camelum
489 2392 662 2474 depilatum
695 2371 837 2454 dixissetT
889 2394 1039 2455 aduersus
1058 2393 1129 2454 'alia
1160 2392 1328 2455 maledicta
1356 2415 1458 2455 mores
1489 2403 1517 2452 et

260 2518 286 2559 u
301 2501 398 2561 uitam
431 2498 686 2560 conuolnerantia
716 2498 825 2560 frontis
857 2499 897 2560 illi
929 2499 1058 2562 firmitas
1089 2501 1241 2574 constitit,
1281 2501 1431 2562 aduersus
1460 2500 1517 2560 hoc

301 2617 366 2668 tam
398 2605 569 2667 absurdum
601 2605 748 2666 lacrimae
771 2606 990 2686 prociderunt:
1032 2583 1120 2668 tanta
1143 2607 1319 2668 animorum
1343 2606 1518 2668 inbecillitas

302 2722 357 2788 est,
381 2713 433 2774 ubi
462 2713 540 2774 ratio
565 2712 714 2773 discessit.
760 2713 835 2791 quid
865 2714 952 2794 quod
983 2711 1181 2789 offendimur,
1205 2715 1230 2774 si
1254 2715 1322 2795 quis
1346 2717 1545 2775 sermonem!

302 2829 444 2882 nostrum
472 2820 618 2893 imitatur,
643 2818 667 2880 si
691 2820 758 2900 quis
783 2820 947 2894 incessum,
969 2821 995 2880 si
1018 2799 1085 2901 quis
1110 2821 1219 2882 uitium
1243 2821 1372 2902 aliquod
1388 2820 1518 2902 corporis

302 2936 354 2988 aut
385 2927 510 3006 linguae
542 2925 708 3007 exprimit?
747 2927 836 3005 quasi
866 2927 990 2988 notiora
1009 2926 1061 2987 illa
1085 2926 1160 2989 fiant
1183 2927 1244 2990 alio
1269 2929 1408 2990 imitante
1430 2946 1517 3008 quam

263 3050 289 3090 is
303 3033 395 3093 nobis
428 3031 619 3094 facientibus,
665 3041 860 3095 senectutem
892 3034 1021 3113 quidam
1054 3034 1138 3095 inuiti
1167 3035 1297 3096 audiunt
1321 3044 1354 3096 et
1376 3055 1467 3097 canos
1490 3042 1518 3093 ct

304 3137 364 3199 alia
393 3141 435 3199 ad
467 3159 548 3217 quae
580 3147 657 3198 uoto
688 3141 877 3220 peruenitur.
922 3141 1115 3222 paupertatis
1147 3141 1349 3203 maledictum
1372 3141 1517 3223 quosdam

304 3245 451 3326 perussit,
489 3264 585 3323 quam
622 3243 679 3306 sibi
715 3246 831 3308 obiecit
868 3248 1005 3326 quisquis
1037 3246 1211 3308 abscondit.
1265 3249 1371 3328 itaque
1401 3247 1519 3310 materia

305 3349 517 3431 petulantibus
549 3359 580 3412 et
611 3372 668 3432 per
692 3353 914 3414 contumeliam
938 3354 1063 3415 urbanis
1087 3352 1268 3429 detrahitur,
1293 3357 1318 3416 si
1342 3356 1422 3418 ultro
1443 3353 1517 3414 illam

307 3465 341 3546 et
363 3458 448 3538 prior
464 3477 609 3540 occupes.
648 3479 744 3520 nemo
761 3461 856 3521 risum
871 3461 1016 3541 praebuit
1032 3462 1084 3540 qui
1101 3481 1142 3522 ex
1159 3463 1320 3543 secoepit.
1360 3459 1546 3532 Vatinium‚3

308 3635 321 3686 1
342 3636 434 3696 uulnus,
455 3651 487 3685 m.
508 3648 562 3686 rec.
581 3649 721 3703 superscr.
741 3637 788 3684 sibi
807 3636 878 3686 illam
975 3637 990 3688 3
1010 3653 1058 3701 quo
1079 3638 1223 3688 dissidemus
1242 3635 1270 3689 Ε
1275 3640 1299 3687 ⁴:
1320 3640 1387 3702 quod
1406 3629 1516 3685 dissidem'

391 3757 576 3825 lconsipiente
596 3759 749 3815 Rubenius:
771 3762 936 3824 conspiciente
1026 3724 1111 3846 Quid'si
1130 3763 1208 3826 possit
1291 3761 1308 3813 8
1328 3763 1449 3812 immerito

308 3865 464 3918 9immerito
560 3859 727 3918 erubecsendi‘i
836 3866 868 3918 10
887 3868 999 3929 leuitate,
1026 3883 1061 3924 m.
1080 3882 1135 3920 rec.
1154 3883 1290 3936 superscr.
1313 3850 1443 3932 planitiei
1461 3864 1519 3927 depi-

1115 3959 1117 3964 '
1503 3961 1511 3986 S

307 4028 407 4090 latione,
427 4025 488 4079 ilem
508 4043 541 4079 m.
562 4041 616 4083 rec.
635 4026 663 4079 in
682 4043 767 4095 marg.
788 4028 911 4076 leuitatem
930 4028 940 4074 l
959 4029 1134 4093 depilationem
1233 4028 1269 4090 Ι12
1289 4045 1335 4092 que
1437 4025 1466 4076 tl
1483 4023 1518 4070 ad·

308 4136 428 4183 sueuimus
525 4132 556 4185 1?
576 4135 683 4185 berbece
780 4134 812 4186 19
832 4143 854 4183 et
871 4136 947 4182 uitam
967 4133 1089 4204 [ἐρείπει
1111 4136 1193 4184 etuitia
1289 4134 1323 4186 20
1343 4119 1517 4184 etcuulnerantia

414 4241 447 4293 25
467 4241 567 4304 quidam
581 4239 742 4295 deteriores:
757 4243 832 4304 qdem
932 4225 965 4293 2i
979 4241 1070 4308 itaque]
1085 4243 1150 4306 atqui
1166 4238 1256 4308 Gertz,
1270 4239 1321 4293 sed
1332 4239 1401 4293 illud
1412 4237 1518 4306 refertur

311 4325 349 4380 ad
367 4328 466 4381 crimen
487 4343 525 4382 ex
543 4328 605 4398 ipsa
625 4327 784 4382 abscondita
802 4333 964 4398 paupertate
987 4329 1013 4380 in
1033 4327 1231 4382 abscondentes
1249 4327 1409 4382 redundans

311 4416 344 4468 29
365 4420 429 4482 cepit
448 4416 473 4471 t.
493 4434 515 4471 e.
536 4419 626 4483 coepit,
646 4432 700 4487 quo
719 4417 792 4470 maus
810 4433 827 4470 a
845 4416 923 4470 nobis
941 4418 1007 4487 ipsu
1027 4423 1177 4488 occupatus
1195 4418 1364 4488 sipuificatur
1404 4455 1409 4463 .
