3184 5318
291 326 356 390 210
446 320 526 364 nint..
541 318 582 364 [X.
609 320 653 364 An
668 317 810 362 smuvu
825 317 866 362 DE
879 319 1146 373 muovtturmr
1160 323 1258 367 turm.
1289 329 1320 370 Ιῠ.
1335 328 1369 369 11.

290 471 368 536 citra
405 470 555 554 exempla
592 470 773 545 hortentur,
811 471 1001 534 consistere:
1042 472 1087 532 sic
1116 477 1149 532 et
1179 470 1302 553 aliquae
1331 470 1517 552 cupiditates

290 580 429 640 animum
452 586 576 652 acuent,
599 585 631 640 et
652 575 759 638 finitae
778 595 843 640 non
863 578 894 638 in
909 579 1086 638 inmensum
1101 577 1318 658 incertumque
1332 577 1516 658 producent

378 684 432 748 XI.
471 683 528 746 Ad
557 681 748 764 inperfectos
778 690 811 745 et
842 684 1018 746 mediocres
1049 691 1082 746 et
1112 681 1196 744 male
1224 703 1320 746 sanos
1350 685 1400 746 hic
1427 699 1539 746 meusr

290 810 397 852 sermo
412 793 557 871 pertinet,
571 810 635 854 non
651 789 691 850 ad
708 790 892 870 sapientem.
920 787 991 850 huic
1005 807 1070 850 non
1085 789 1270 864 timidenec
1283 789 1516 870 pedetemptim

264 896 518 960 tambulandum
542 905 599 960 est
644 903 735 960 tanta
756 897 840 958 enim
864 894 978 958 fiducia
999 895 1045 958 sui
1068 903 1132 970 est,
1163 904 1199 958 ut
1220 894 1350 958 obuiam
1372 894 1517 960 fortunae

290 1006 335 1066 ire
357 1024 421 1066 non
445 1003 569 1068 dubitet
591 1021 650 1064 nec
673 1021 824 1082 umquam
847 999 920 1064 loco
943 1000 984 1064 illi
1008 1021 1150 1064 cessurus
1173 1004 1222 1065 sit.
1253 1019 1312 1063 nec
1333 999 1441 1077 habet,
1467 1003 1517 1064 ubi

290 1108 373 1174 illam
396 1112 523 1184 timeat,
551 1111 624 1190 quia
645 1127 711 1172 non
734 1107 887 1188 mancipia
909 1115 1034 1170 tantum
1057 1108 1337 1188 possessionesque
1359 1117 1392 1170 et
1415 1109 1515 1188 digni-

290 1224 407 1291 tatem,
429 1216 486 1278 sed
509 1235 624 1296 corpus
647 1234 774 1296 quoque
796 1233 887 1276 suum
911 1222 946 1276 et
968 1212 1078 1276 oculos
1100 1221 1133 1276 et
1156 1233 1286 1276 manum
1309 1222 1343 1274 et
1364 1215 1516 1296 quidquid

290 1321 442 1386 cariorem
478 1321 576 1384 uitam
611 1318 685 1384 facit
716 1338 790 1395 usu,
829 1339 928 1400 seque
957 1319 1061 1400 ipsum
1092 1319 1173 1382 inter
1201 1322 1343 1402 precaria
1371 1329 1516 1384 numerat

252 1429 276 1474 ¹⁰
290 1427 427 1510 uiuitque
456 1435 491 1490 ut
521 1425 746 1490 commodatus
772 1423 831 1488 sibi
859 1432 892 1489 et
915 1423 1154 1506 reposcentibus
1176 1426 1243 1488 sine
1265 1424 1390 1488 tristitia
1412 1425 1515 1488 reddi-

289 1542 386 1596 turus.
432 1552 490 1596 nec
520 1531 592 1594 ideo
623 1529 690 1594 uilis
720 1538 770 1592 est
800 1529 874 1604 sibi,
906 1532 979 1612 quia
1001 1531 1060 1592 scit
1082 1550 1117 1592 se
1139 1549 1231 1592 suum
1254 1550 1318 1593 non
1340 1547 1429 1604 esse,
1461 1532 1541 1594 sedt

162 1659 166 1674 ¹
269 1639 397 1702 ¹omnia
426 1647 492 1700 tam
524 1636 689 1718 diligenter
720 1629 840 1710 faciet,'
856 1645 923 1698 tam
953 1637 1196 1719 circumspecte,
1226 1657 1322 1717 quam
1353 1635 1514 1716 religiosus

289 1745 388 1808 homo
416 1753 606 1825 sanctusque
635 1742 717 1805 solet
748 1742 827 1806 tueri
856 1741 930 1804 fidei
962 1743 1141 1806 commissa
1186 1743 1378 1824 quaudoque
1409 1752 1513 1805 autem

289 1852 424 1916 reddere
454 1829 618 1925 iubebitur,
648 1869 713 1912 non
744 1858 892 1929 queretur
915 1869 988 1910 cum
1011 1849 1151 1923 fortuna,
1182 1850 1240 1910 sed
1263 1849 1366 1912 dicet:
1400 1853 1514 1930 gratias

249 1961 274 2002 ¹⁵
287 1977 351 2038 ago
382 1979 441 2040 pro
471 1978 527 2032 e0,
563 1958 651 2037 quod
681 1955 809 2037 possedi
839 1953 1004 2036 habuique.
1059 1975 1177 2036 magna
1206 1956 1334 2036 quidem
1365 1975 1417 2016 res
1448 1965 1540 2019 tuest

287 2065 436 2128 mercede
459 2063 556 2139 colui,
587 2064 646 2125 sed
676 2063 748 2143 quia
771 2063 814 2123 ita
837 2062 988 2142 imperas,
1019 2063 1077 2136 do,
1109 2064 1190 2124 cedo
1214 2068 1323 2142 gratus
1345 2061 1513 2142 libensque.

287 2173 411 2253 siquid
434 2170 552 2234 habere
576 2189 629 2232 me
651 2169 696 2230 tui
720 2167 863 2244 uolueris,
888 2169 1067 2232 etiamnunc
1082 2168 1236 2232 seruabo:
1262 2167 1288 2228 si
1302 2165 1388 2230 aliud
1404 2167 1512 2248 placet,

287 2298 350 2359 ego
372 2298 448 2340 uero
464 2277 581 2342 factum
598 2277 819 2356 signatumque
835 2284 1012 2354 argentum,
1033 2276 1166 2338 domum
1182 2273 1395 2354 familiamque
1412 2294 1511 2336 meam

288 2386 406 2460 redd0,
428 2385 568 2447 restituo
614 2379 819 2463 adpellauerit
849 2391 961 2444 natura
982 2401 1064 2464 quae
1086 2384 1175 2463 prior
1195 2381 1287 2444 nobis
1310 2381 1460 2460 credidit,
1482 2389 1510 2442 et

247 2493 274 2534 ²⁰
288 2489 361 2554 huic
389 2491 547 2554 dicemus:
582 2490 686 2570 recipe
716 2488 856 2550 animum
888 2487 1052 2550 meliorem
1075 2509 1172 2570 quam
1195 2489 1320 2552 dedisti.
1367 2507 1433 2549 non
1455 2496 1510 2548 ter-

288 2599 430 2679 giuersor
452 2617 511 2661 nec
533 2594 663 2676 refugio
693 2602 839 2676 paratum
864 2593 963 2658 habes
986 2615 1006 2656 a
1025 2593 1162 2670 uolente,
1184 2595 1273 2676 quod
1289 2614 1355 2656 non
1371 2595 1511 2656 sentienti

289 2705 423 2768 dedisti:
457 2703 551 2767 aufer.
597 2702 711 2766 reuerti
741 2703 825 2764 unde
852 2702 973 2763 ueneris
996 2702 1073 2783 quid
1094 2721 1192 2782 graue
1215 2703 1284 2762 est?
1316 2700 1538 2791 maledocti

288 2812 432 2893 quisquis,
464 2810 582 2872 nesciet
620 2809 703 2872 bene
740 2808 829 2882 mori.
875 2806 947 2871 huic
983 2811 1089 2889 itaque
1126 2810 1263 2889 primurn
1301 2808 1346 2869 rei
1380 2807 1510 2887 pretium

288 2917 518 2980 detrahendum
549 2923 598 2978 est
628 2922 660 2976 et
692 2914 816 2994 spiritus
846 2913 926 2976 inter
949 2913 1019 2976 uilia
1040 2914 1263 2977 numerandus
1303 2913 1509 2992 gladiotores,

247 3026 273 3066 ²⁵
288 3035 322 3088 ut
352 3027 396 3088 ait
419 3023 546 3098 Cicero,
578 3021 699 3082 rirrcr'sos
729 3019 899 3096 habemus,
931 3020 963 3082 si
991 3019 1079 3082 omni
1107 3019 1201 3082 modo
1228 3020 1335 3080 uitam
1357 3019 1511 3098 r'rrpetrare

288 3131 432 3210 cupz'unt;
446 3132 610 3208 sanemus,
627 3128 660 3190 si
672 3136 880 3206 contemptum
895 3127 963 3188 eius
977 3126 1063 3206 prae
1083 3145 1117 3188 se
1129 3127 1255 3202 ferunt.
1289 3126 1376 3188 idem
1393 3124 1510 3188 euenire

287 3237 379 3300 nobis
402 3239 488 3300 scias.
528 3255 624 3316 saepe
648 3235 731 3296 enim
754 3253 848 3296 causa
871 3234 1027 3296 moriendi
1050 3241 1099 3294 est
1121 3233 1231 3295 timide
1256 3233 1347 3294 mori.
1393 3232 1539 3293 fortunas

287 3343 353 3420 illa,
384 3365 466 3426 quae
495 3341 588 3406 ludos
619 3339 677 3403 sibi
702 3339 790 3415 facit,
820 3359 900 3422 quo,
932 3339 1046 3420 inquit,
1077 3321 1109 3402 te
1132 3358 1309 3414 reseruem,
1342 3336 1457 3402 malum
1477 3343 1508 3396 et

278 3556 400 3620 -exempla
417 3552 473 3606 sint
490 3570 523 3607 ea
541 3568 611 3623 quae
630 3550 692 3604 aliis
710 3549 870 3604 acciderunt
966 3550 1074 3602 2finite
1170 3534 1292 3600 inimensfi
1390 3547 1450 3601 sset
1466 3562 1507 3595 nec

283 3645 323 3714 '(et
339 3642 448 3712 punctis
466 3647 587 3697 notatum
606 3645 633 3694 ef
651 3637 778 3704 deletum)
886 3636 902 3691 8
925 3639 1017 3703 chuid
1126 3636 1142 3689 9
1161 3639 1221 3687 facit
1239 3654 1282 3686 usu
1300 3653 1375 3702 seque
1393 3633 1506 3711 Marium,

288 3745 366 3799 quem
379 3733 410 3783 ut
420 3729 448 3784 r‘n
461 3746 492 3784 re
504 3728 572 3784 satis
584 3727 710 3797 ambiqua
723 3732 831 3780 secutus
843 3741 918 3778 sum:
934 3725 1039 3775 facturus
1052 3742 1092 3790 5q3
1103 3724 1205 3792 (omnia
1218 3725 1246 3778 ἐκ
1258 3721 1435 3790 ναετινα)σοι1.

288 3823 371 3871 nufnat
397 3818 435 3887 (in
454 3818 522 3886 ros.)
650 3817 683 3870 10
709 3817 891 3882 reposcentibus
915 3830 1012 3868 uerum
1037 3828 1096 3867 esse
1120 3813 1172 3866 πίω
1191 3819 1285 3884 potest
1292 3832 1299 3874 ;
1327 3829 1377 3868 neo
1397 3808 1506 3882 pluralis

289 3905 437 3961 tolerabilis
461 3913 501 3961 est
520 3921 569 3962 nec
588 3905 718 3961 obiectum
737 3901 882 3974 copitando
901 3900 1006 3958 addere
1024 3901 1094 3957 licet.
1130 3902 1234 3958 confeci
1250 3905 1387 3970 reposcenti
1405 3903 1504 3952 debitum

360 3995 392 4050 13
405 3997 531 4062 quandem
547 3993 606 4049 cod.
617 3995 820 4061 quandocumque
832 3989 916 4061 uulqo
998 3991 1031 4044 14
1044 3993 1110 4042 dicet
1122 3990 1288 4045 deterreres:
1304 3993 1364 4042 dicit
1433 3988 1461 4042 16
1472 3989 1505 4036 ita

289 4079 393 4153 Rosinq
406 4081 483 4154 apud
493 4080 678 4151 Madoipr'rrm:
698 4081 742 4130 illa
825 4081 868 4131 do.
887 4081 950 4129 cedo
970 4079 1063 4146 (monn
1076 4077 1195 4142 diuersa
1207 4078 1325 4132 sednon
1337 4075 1503 4138 remerteria)

361 4170 394 4225 17
408 4171 467 4222 aliut
480 4175 500 4234 (t
512 4170 540 4224 in
554 4172 571 4219 d
583 4170 667 4237 corr.)
753 4167 786 4221 18
798 4169 890 4218 factum
902 4164 965 4221 olim
978 4181 1066 4221 comt:
1081 4169 1142 4218 facit
1154 4168 1183 4235 (it
1195 4167 1223 4220 in
1236 4167 1304 4236 ras.)
1383 4166 1414 4220 19
1425 4162 1502 4230 appel-

287 4260 373 4309 lnuerit
461 4259 531 4324 prior
549 4257 589 4324 (or
606 4269 688 4320 corr,
705 4254 826 4325 fortasse
844 4269 882 4310 ror
900 4255 937 4322 us)
1029 4254 1063 4308 24
1087 4257 1150 4307 inter
1167 4254 1226 4306 uitia
1244 4255 1370 4327 Lipsius:
1390 4250 1502 4304 inuritis

633 4344 636 4349 ’
780 4350 789 4382 t

284 4489 287 4494 Ι
378 4415 412 4472 25
431 4418 563 4482 impetrare
652 4412 686 4470 28
710 4399 793 4488 inquid
