3212 5318
279 363 344 426 240
502 359 580 402 DlAL.
591 359 620 400 X.
649 359 690 400 AD
706 357 860 400 anttuvn
877 359 917 398 DE
932 357 1101 400 aazvt'rnan
1116 357 1213 400 VITAE.
1245 361 1277 400 111.

368 505 454 567 XVI.
488 503 617 568 illorum
641 505 826 568 breuissima
849 524 887 566 ac
910 503 1128 568 sollicitissima
1152 515 1239 566 aetas
1263 515 1320 578 est,
1344 504 1396 584 qui
1412 515 1532 586 prae-1

278 613 443 675 teritorum
475 612 718 688 obliuiscuntur,
748 614 926 694 praesentia
956 611 1145 693 neglegunt,
1177 613 1217 674 de
1241 610 1345 673 futuro
1368 613 1512 706 timente

279 739 350 781 cum
375 720 416 780 ad
440 729 586 782 extrema
609 727 769 794 uenerunt,
794 739 865 781 sero
886 717 1070 800 intellegunt
1086 720 1197 793 miseri,
1220 719 1342 780 tamdiu
1357 738 1400 791 se,
1424 718 1496 779 dum

279 824 353 886 nihil
376 835 483 904 agunt,
507 835 680 905 occupatos
704 825 804 888 fuisse.
850 845 909 888 nec
932 835 995 900 est,
1019 827 1108 906 quod
1131 824 1193 886 hoc
1215 833 1405 903 argumento
1428 841 1496 905 pro-
1516 835 1533 888 2

253 931 347 994 abari
377 940 468 1013 putes
498 930 628 1012 longam
656 930 725 994 illos
756 951 852 1012 agere
874 933 988 1009 uitam,
1019 935 1091 1014 quia
1114 933 1271 994 interdum
1296 939 1433 992 mortem
1456 931 1496 992 in-

279 1047 413 1100 uocant:
440 1047 536 1100 uexat
559 1037 627 1099 illos
651 1039 850 1120 inprudentia
872 1039 996 1101 incertis
1019 1038 1195 1100 adfectibus
1218 1047 1250 1100 et
1273 1037 1496 1100 incurrentibus

279 1146 310 1208 in
332 1145 416 1226 ipsa,
447 1164 528 1225 quae
552 1153 704 1208 metuunt.
751 1155 889 1208 mortem
911 1165 1008 1228 saepe
1030 1145 1102 1207 ideo
1127 1154 1254 1227 optant,
1286 1147 1358 1226 quia
1381 1145 1496 1207 timent.

279 1250 354 1314 illud
384 1272 512 1333 quoque
542 1260 763 1332 argumentum
795 1273 859 1314 non
890 1260 954 1327 est,
987 1254 1074 1334 quod
1098 1261 1205 1333 puteS‚
1237 1253 1289 1315 diu
1320 1251 1532 1327 uiuentium,3

279 1361 368 1441 quod
391 1377 486 1442 saepe
509 1358 566 1420 illis
589 1359 703 1440 longus
725 1361 849 1422 uidetur
872 1359 947 1434 dies,
969 1361 1066 1440 quod,
1091 1361 1167 1421 dum
1191 1359 1297 1421 ueniat
1320 1361 1497 1422 condictum

244 1481 266 1522 ιο
280 1474 406 1548 tempus
437 1485 550 1540 cenae,
580 1467 672 1528 tarde
702 1468 747 1528 ire
778 1465 872 1528 horas
895 1475 1085 1550 qperuntur:
1119 1485 1193 1528 nam
1225 1468 1249 1527 si
1280 1468 1409 1547 quando
1432 1466 1498 1528 illos

281 1573 485 1634 deseruerunt
516 1573 756 1654 occupationes,
788 1572 818 1633 in
851 1573 918 1634 otio
942 1573 1040 1635 relicti
1063 1582 1222 1647 aestuant,
1253 1593 1312 1635 nec
1335 1574 1499 1654 quomodo

279 1679 310 1740 id
332 1680 501 1760 disponant
517 1688 571 1740 aut
588 1679 766 1754 extrahant,
789 1679 897 1742 sciunt.
929 1680 1034 1760 itaque
1049 1681 1090 1742 ad
1107 1680 1347 1761 occupationem
1364 1679 1498 1761 aliquam

279 1786 414 1847 tendunt
437 1794 470 1846 et
492 1787 580 1867 quod
603 1786 766 1848 interiacet
789 1805 886 1848 omne
909 1793 1034 1866 tempus
1058 1805 1155 1864 graue
1178 1795 1241 1861 est,
1264 1795 1331 1848 tam
1355 1807 1408 1848 me
1432 1786 1499 1848 her·

281 1891 381 1966 cules,
412 1910 508 1972 quam
540 1910 611 1953 cum
643 1892 711 1953 dies
742 1892 878 1953 muneris
909 1891 1085 1972 gladiatorii
1114 1893 1234 1955 edictus
1258 1901 1321 1968 est,
1352 1902 1407 1955 aut
1431 1913 1501 1954 cum

243 2015 265 2054 n
279 1997 406 2060 alicuius
429 1997 555 2060 alterius
578 1997 626 2060 uel
648 1997 818 2080 spectaculi
833 1998 883 2059 uel
899 1997 1069 2078 uoluptatis
1084 2007 1272 2080 expectatur
1287 1999 1502 2074 constitutum,

278 2105 429 2166 transilire
453 2106 576 2167 medios
600 2105 666 2166 dies
690 2104 806 2166 uolunt.
840 2106 944 2166 omnis
966 2103 1023 2167 illis
1046 2114 1191 2186 speratae
1214 2107 1257 2168 rei
1280 2105 1378 2186 longa
1394 2106 1533 2170 dilatiot

278 2220 334 2273 est.
374 2221 407 2273 at
430 2210 505 2273 illud
528 2221 663 2291 tempuS,
687 2212 773 2291 quod
796 2219 914 2286 amant,
937 2211 1034 2273 breue
1058 2222 1106 2276 est
1130 2222 1161 2273 et
1184 2231 1337 2294 praeceps
1361 2212 1500 2275 breuius-

277 2338 340 2400 que
368 2317 468 2380 multo
491 2337 549 2379 suo
573 2325 660 2379 uoto.
705 2317 831 2379 aliunde
854 2317 936 2380 enim
960 2317 1020 2380 alio
1044 2319 1251 2400 transfugiunt
1275 2328 1308 2380 et
1330 2323 1501 2382 consistere
1600 2331 1601 2400 ᾗ

278 2426 309 2486 in
332 2445 394 2485 una
417 2425 588 2506 cupiditate
610 2443 674 2486 non
698 2432 839 2504 possunt.
877 2445 941 2486 non
965 2434 1038 2486 sunt
1059 2424 1116 2486 illis
1132 2425 1217 2505 longi
1234 2426 1308 2500 dies,
1332 2427 1390 2489 sed
1407 2428 1500 2489 inuisi.
1600 2419 1601 2426 ἶ

237 2547 263 2588 io
278 2541 311 2594 at
335 2539 563 2612 contraquam
588 2532 725 2611 exiguae
748 2523 858 2592 noctes
882 2531 1042 2606 uidentur,
1073 2553 1151 2613 quas
1180 2533 1210 2594 in
1233 2531 1393 2614 conplexu
1417 2555 1499 2596 scor-

277 2647 382 2700 torum
414 2646 469 2700 aut
499 2638 572 2699 uino
604 2638 756 2718 exigunt?
795 2637 867 2698 inde
891 2640 986 2700 etiam
1011 2647 1176 2718 poetarum
1201 2638 1286 2702 furor
1308 2638 1422 2702 sabulis
1445 2639 1530 2702 hub

278 2763 390 2806 manos
421 2765 542 2806 errores
565 2743 730 2819 alentium,
762 2745 874 2824 quibus
899 2747 982 2806 uisus
1006 2755 1054 2807 est
1077 2745 1216 2828 Iuppiter
1238 2746 1404 2828 uoluptate
1426 2767 1497 2809 con-

277 2851 400 2914 cubitus
431 2851 585 2914 delenitus
616 2849 791 2932 duplicasse
820 2860 968 2913 noctem:
1001 2853 1078 2932 quid
1109 2852 1192 2914 aliud
1224 2862 1272 2914 est
1295 2853 1371 2914 uitia
1394 2863 1499 2915 nostra
1599 2885 1600 2898 ¹

277 2958 444 3020 incendere
481 2977 577 3039 quam
616 2965 761 3020 auctores
799 2956 856 3019 illis
894 2959 1061 3020 inscribere
1098 2960 1178 3022 deos
1216 2969 1249 3021 et
1279 2961 1356 3022 dare
1387 2960 1498 3022 morbo

237 3098 264 3137 n
278 3064 429 3144 exemplo
461 3065 630 3126 diuinitatis
660 3073 845 3126 excusatam
876 3064 1053 3127 licentiam?
1086 3076 1219 3147 possunt
1249 3066 1315 3126 istis
1344 3086 1407 3154 non
1429 3067 1506 3128 brer

278 3171 422 3232 uissimae
452 3172 550 3232 uideri
582 3179 708 3247 nocteS,
741 3191 820 3251 quas
851 3181 917 3233 tam
949 3191 1021 3234 care
1050 3175 1249 3234 mercantur?
1282 3173 1368 3234 diem
1400 3175 1499 3234 noctis

276 3279 499 3358 expectatione
522 3279 671 3359 perdunt,
694 3289 824 3340 noctem
848 3277 924 3339 lucis
947 3289 1043 3340 metu.

277 3490 488 3498 ——-—-—

279 3698 292 3750 ’1
319 3651 455 3764 preteribit]
563 3699 770 3766 3intellegunt*
877 3701 1046 3754 Gaiiectibus
1065 3701 1160 3771 (prior
1177 3705 1187 3752 1
1205 3706 1289 3768 corr.)
1398 3703 1496 3768 Tquae

278 3845 384 3890 metuunt
410 3838 489 3896 dett:
510 3849 673 3906 quametuunt.
806 3841 823 3894 8
848 3849 937 3909 putes*
1076 3845 1092 3896 9
1117 3803 1198 3894 ueniit
1213 3789 1359 3896 abbudictum

279 3927 312 3981 10
337 3945 397 3994 cene
514 3931 583 3979 tarde
602 3929 639 3996 (t'n
659 3931 726 3998 ras.)
830 3949 885 3981 oras
904 3939 1035 3997 queruntur
1142 3933 1173 3985 11
1202 3939 1297 3983 estuant
1405 3933 1433 3985 12
1458 3939 1496 3978 aut
1597 3911 1598 3988 J

279 4043 442 4108 deteriores:
463 4061 488 4103 ut
507 4057 581 4122 (ante
598 4071 614 4103 u
632 4052 740 4119 lactina)
848 4057 879 4108 13
904 4019 967 4122 quod
987 4043 1025 4106 int
1041 4059 1105 4108 iacet
1203 4057 1234 4110 15
1253 4064 1404 4124 exspectatur

234 4135 242 4148 “
280 4141 312 4194 lu
338 4149 390 4192 tran
409 4143 474 4192 silue
492 4142 529 4210 (re
547 4143 574 4194 iu
593 4147 660 4204 ros.)
780 4147 814 4193 rei
839 4151 913 4206 (ante
932 4147 966 4195 rei
980 4162 1065 4215 paru.
1084 4149 1151 4210 ras.)
1286 4148 1316 4199 u
1344 4156 1368 4197 at
1387 4186 1412 4199 ..
1431 4141 1494 4209 quod

279 4241 361 4280 nmaut
387 4227 526 4284 Muretus:
554 4233 587 4280 nd
607 4271 612 4282 .
632 4272 637 4282 .
656 4233 723 4296 quod
748 4236 840 4282 amanti
989 4235 1022 4286 18
1046 4243 1106 4286 uoto
1130 4234 1222 4288 tect:
1249 4237 1311 4286 nitio
1337 4235 1394 4291 cod.
1419 4227 1493 4296 Confi

279 4316 317 4370 ad
340 4315 399 4374 Pol.
429 4325 474 4382 111,
506 4323 521 4370 u
547 4337 616 4370 usum
642 4320 793 4386 lmctumque
820 4323 884 4384 eius,
914 4326 1026 4388 quamuis
1050 4327 1149 4374 breuior
1171 4331 1232 4374 uoto
1257 4331 1300 4374 tuo
1324 4327 1405 4389 suerit,
1436 4319 1491 4369 boni

279 4461 378 4510 consule
471 4459 502 4512 19
521 4463 569 4510 illis
581 4457 720 4514 Muretus:
742 4461 777 4511 illi
867 4464 902 4517 20
920 4420 1040 4530 atlcontra
1129 4466 1164 4520 23
1188 4467 1256 4518 aliud
1275 4469 1303 4530 (d
1320 4464 1410 4532 corr..)
