3184 5318
295 335 357 397 ¹34
511 329 590 371 DlAL.
607 328 644 370 Vl.
672 329 714 368 Ab
731 325 874 368 MARCIAM
889 328 929 368 DE
943 325 1187 372 consonamus,
1218 327 1299 372 ¹213.

291 477 416 540 labulae
439 475 584 538 inmunes
606 475 805 557 reliquerunt,
828 484 916 558 puto,
941 483 975 538 ut
998 485 1180 538 nostrorum
1196 475 1339 537 funerum
1355 473 1502 537 leuamen-

291 594 359 648 tum
391 593 475 647 esset
505 585 601 646 etiam
625 583 729 646 diuina
752 583 926 645 concidere.
972 583 1190 663 circumspice,
1220 583 1364 663 inquam,
1395 583 1502 644 omnis:

292 690 408 754 nullam
440 699 508 751 tam
539 691 686 752 miseram
717 689 895 752 nominabis
926 689 1076 763 domurn,
1111 709 1194 769 quae
1224 708 1289 750 non
1318 690 1504 750 inueniatin

292 798 453 859 miseriore
483 796 642 860 solacium.
688 816 752 857 non
784 815 836 857 me
864 794 1007 858 hercules
1030 803 1096 857 tam
1121 793 1204 857 male
1227 796 1278 872 de,
1292 795 1435 857 moribus
1457 795 1529 857 tuisu

265 904 403 978 ssentio,
426 913 460 966 ut
483 913 592 985 putem
616 923 712 984 posse
735 911 767 964 te
790 901 887 964 leuius
910 904 975 985 pati
992 923 1105 984 casum
1122 911 1220 976 tuum,
1244 904 1268 964 si
1284 903 1340 964 tibi
1355 904 1505 983 ingentem

292 1010 463 1091 lugentium
488 1031 653 1072 numerum
676 1011 875 1091 produxero:
903 1008 1084 1072 maliuolum
1108 1009 1214 1071 solacii
1237 1028 1338 1088 genus
1361 1018 1410 1070 est
1426 1009 1506 1071 turba

293 1119 489 1180 miserorum.
535 1120 693 1200 quosdam
724 1127 832 1179 tamen
863 1115 1012 1192 reseram,
1052 1138 1117 1179 non
1148 1125 1182 1177 ut
1212 1117 1291 1178 scias
1321 1115 1386 1177 hoc
1404 1115 1506 1179 solere

291 1223 471 1287 hominibus
494 1226 652 1300 accidere,
683 1223 847 1286 ridiculum
871 1232 919 1284 est
943 1224 1025 1284 enim
1050 1223 1248 1287 mortalitatis
1272 1221 1421 1303 exempla
1443 1243 1504 1284 con-

290 1330 397 1411 ligere,
420 1332 478 1394 sed
495 1341 529 1392 ut
544 1331 623 1393 scias
638 1330 733 1392 fuisse
748 1329 874 1404 multos,
898 1331 951 1410 qui
966 1328 1097 1392 lenirent
1113 1349 1225 1411 aspera
1238 1328 1362 1412 placide
1377 1328 1505 1390 ferendo.

253 1453 310 1498 roa
332 1437 509 1500 felicissimo
532 1438 692 1519 incipiam:
719 1437 755 1498 L.
779 1435 866 1499 Sulla
888 1435 985 1497 filium
1009 1437 1128 1510 amisit,
1159 1455 1217 1498 nec
1240 1456 1278 1498 ea
1300 1455 1351 1498 res
1373 1443 1427 1497 aut
1450 1441 1531 1495 mat

290 1543 387 1606 litiam
411 1544 476 1605 eius
499 1535 537 1605 et⁵
554 1545 738 1606 acerrimam
762 1543 909 1604 uirtutem
933 1545 964 1604 in
987 1541 1096 1604 hostes
1120 1543 1265 1623 ciuesque
1288 1543 1440 1615 contudit,
1462 1550 1507 1602 aut

292 1648 396 1711 effecit
427 1657 462 1710 ut
492 1669 672 1730 cognomen
703 1648 778 1712 illud
810 1669 975 1730 usurpasse
1006 1647 1084 1710 salso
1109 1649 1268 1710 uideretur
1290 1649 1379 1729 quod
1401 1648 1506 1709 amisso

291 1755 355 1818 filio
387 1757 577 1837 adsumpsit,
613 1776 671 1817 nec
702 1757 778 1818 odia
808 1755 971 1818 bominum
1003 1755 1133 1830 ueritus,
1165 1740 1299 1836 quorum
1332 1752 1417 1817 malo
1446 1753 1506 1815 illae
1578 1755 1580 1772 ⁴

292 1862 383 1924 nimis
406 1863 563 1924 secundae
585 1881 636 1925 res
659 1863 856 1937 constabant,
879 1882 938 1923 nec
961 1862 1110 1924 inuidiam
1127 1862 1269 1936 deorum,
1292 1881 1427 1942 quorum
1442 1859 1506 1923 illud

254 1985 277 2026 rs
293 1969 409 2031 crimen
434 1978 509 2044 erat,
533 1967 619 2032 Sulla
642 1978 708 2030 tam
732 1968 815 2030 felix.
854 1969 911 2030 sed
935 1968 1018 2030 istud
1041 1969 1121 2030 inter
1144 1987 1194 2030 res
1209 1969 1352 2030 nondum
1367 1968 1506 2029 iudicatas
1579 2005 1580 2054 l

292 2076 408 2150 abeat,
438 2075 537 2157 qualis
568 2074 655 2144 Sulla
689 2074 788 2137 luerit.
834 2074 930 2166 etiam
965 2075 1078 2136 inimici
1109 2072 1289 2136 fatebuntur
1319 2074 1401 2136 bene
1429 2073 1506 2134 illurn
1579 2079 1580 2114 ³

292 2203 381 2244 arma
402 2184 580 2263 sumpsisse,
605 2181 687 2244 bene
709 2182 866 2263 posuisse:
893 2180 956 2243 hoc
979 2181 1020 2243 de
1043 2201 1107 2262 quo
1131 2182 1233 2260 agitur
1256 2181 1428 2254 constabit,
1450 2200 1505 2242 non

293 2309 362 2351 esse
384 2291 560 2352 maximum
586 2288 703 2350 malum
726 2288 815 2370 quod
838 2288 933 2350 etiam
958 2288 998 2349 ad
1022 2287 1216 2350 felicissimos
1239 2288 1389 2369 peruenit
1530 2300 1534 2309 ·

383 2394 467 2457 XlII.
513 2395 562 2457 Ne
585 2396 675 2456 nimis
699 2395 871 2456 admiretur
894 2392 1027 2456 Graecia
1049 2393 1134 2456 illurn
1158 2402 1295 2474 patrem,
1318 2394 1371 2473 qui
1394 2394 1423 2454 in
1444 2394 1531 2473 ipsol

254 2518 280 2557 ²0
294 2500 444 2563 sacrificio
483 2501 625 2562 nuntiata
661 2499 713 2562 filii
749 2508 853 2563 morte
886 2498 1045 2562 tibicinem
1080 2481 1203 2562 tantum
1233 2509 1339 2562 tacere
1369 2500 1452 2562 iussit
1479 2506 1506 2559 et

294 2627 445 2670 coronam
469 2603 561 2690 capiti
585 2607 739 2681 detraxit,
769 2615 875 2669 cetera
897 2607 954 2668 rite
976 2606 1121 2688 perfecit,
1145 2605 1290 2668 Puluillus
1313 2606 1414 2668 effecit
1434 2625 1505 2687 pon·

293 2712 382 2789 tiiex,
405 2715 453 2776 cui
476 2724 602 2796 postem
618 2711 743 2792 ,tenenti
767 2723 799 2774 et
822 2712 1010 2794 Capitolium
1036 2714 1193 2776 dedicanti
1208 2733 1295 2774 mors
1311 2712 1363 2774 filii
1377 2712 1506 2774 nuntiata

294 2830 350 2883 est.
396 2841 492 2902 quam
523 2820 573 2882 ille
604 2821 770 2882 exaudisse
801 2819 1006 2882 dissimulauit
1037 2829 1068 2882 et
1091 2819 1256 2882 sollemnia
1279 2819 1426 2901 pontificii
1446 2837 1504 2880 car-

294 2929 384 2990 minis
408 2928 505 2990 uerba
528 2928 673 3011 concepit
696 2928 816 3008 gemitu
840 2947 904 2989 non
927 2928 1174 3009 interrumpente
1197 2927 1411 3008 precationem
1425 2933 1455 2986 et
1468 2923 1505 2984 ad

254 3050 280 3094 u
293 3035 346 3096 filii
369 3035 413 3096 sui
436 3054 555 3097 nomen
578 3034 654 3097 Ioue
676 3034 854 3115 propitiato
893 3043 1026 3115 putasne
1050 3035 1115 3096 eius
1138 3034 1239 3096 luctus
1262 3033 1397 3115 aliquem
1418 3030 1533 3092 finem?

294 3163 363 3206 esse
399 3142 532 3217 debere,
568 3142 652 3203 cuius
683 3142 802 3222 primus
833 3141 900 3202 dies
931 3149 963 3201 et
993 3141 1112 3223 primus
1142 3142 1266 3224 inpetus
1297 3139 1339 3203 ab
1370 3137 1504 3202 altaribus

292 3249 423 3332 publicis
454 3255 494 3311 et'
517 3248 618 3312 lausta
648 3248 880 3329 nuncupatione
907 3268 972 3308 non
995 3248 1130 3310 abduxit
1152 3252 1297 3329 patrem?
1329 3249 1437 3328 dignus
1458 3262 1504 3305 me

294 3355 435 3418 hercules
459 3356 514 3419 suit
537 3355 736 3418 memorabili
759 3355 966 3429 dedicatione,
990 3355 1104 3434 dignus
1119 3353 1315 3436 amplissimo
1330 3351 1504 3421 sacerdotio,

299 3533 452 3584 limmunes
541 3531 712 3597 2circuspice
805 3533 820 3579 3
840 3537 890 3579 tarn
910 3520 1024 3580 miseram
1045 3526 1184 3583 Muretus:
1205 3531 1321 3579 miseram
1409 3525 1502 3579 finali-

294 3620 377 3670 uolum
399 3618 497 3673 Gertz:
519 3621 629 3671 maliuoli
649 3617 708 3676 cod.
728 3617 764 3687 cf.
785 3618 819 3672 de
837 3619 880 3671 ira
902 3623 923 3684 l,
943 3622 1009 3684 12,6
1030 3620 1223 3668 abominandum
1243 3621 1346 3668 remedii
1365 3633 1435 3682 genus
1578 3609 1579 3638 l

219 3748 230 3768 ⁰
294 3763 457 3814 liridculum
571 3763 687 3826 colligere
796 3760 829 3812 l0
854 3762 883 3814 L.
897 3761 951 3810 silla
1063 3760 1092 3812 12
1118 3718 1193 3832 efficit
1301 3761 1364 3810 salso
1382 3755 1501 3816 Muretus,

296 3856 423 3928 Maduiqr
444 3860 513 3907 saluo
617 3859 648 3910 13
667 3858 733 3907 male
752 3859 795 3906 illo
899 3857 931 3908 ll
951 3859 1097 3907 constabant
1115 3854 1279 3910 Pincianus:
1304 3865 1412 3908 constant

293 3948 345 3998 illut
365 3948 384 4014 (t
403 3947 431 4000 in
450 3948 466 3996 d
485 3951 568 4012 corr.)
666 3945 697 3997 15
716 3946 799 3996 sillata
896 3945 928 3998 ‘16
947 3947 1009 4011 sylla
1101 3954 1164 4016 post
1182 3948 1276 3997 inimici
1295 3963 1395 4000 rasura
1412 3945 1436 3997 in
1452 3955 1500 4011 qua

291 4041 381 4106 polest
395 4035 485 4105 fuisse
504 4037 554 4086 eius
650 4033 683 4088 18
701 4036 734 4083 ad
752 4036 908 4085 felicissimos
927 4033 1090 4089 deteriores:
1111 4036 1145 4085 ad
1162 4037 1310 4086 lectissimos
1404 4031 1434 4087 20
1450 4030 1501 4080 tibi-

391 4133 461 4178 tantu

294 4198 373 4247 cinem
423 4202 549 4250 tacere.et
568 4199 662 4246 corona
681 4195 755 4259 cod,
781 4197 848 4247 iussit
867 4196 893 4250 in
914 4193 1094 4249 deterioribus
1111 4194 1176 4250 add.
1304 4196 1337 4250 23
1356 4190 1500 4245 dissimulauit

293 4355 364 4393 unus
383 4340 564 4394 deteriorum:
585 4339 739 4389 dissimulare
828 4340 949 4405 pontificii
967 4339 1083 4388 carminis
1100 4336 1230 4408 Madurpz
1251 4340 1353 4404 pontific
1370 4354 1385 4386 a
1401 4333 1498 4386 carmina

384 4439 416 4490 25
438 4445 539 4502 putasne
559 4435 682 4507 lipsius:
704 4444 812 4501 putasses
904 4437 937 4489 26
956 4435 1009 4486 dies
1028 4430 1062 4510 ‘it
1153 4440 1256 4502 impetus
