3184 5318
258 341 339 387 nint.
356 341 394 384 lX.
423 341 465 384 AD
481 339 622 384 SERENVM
638 339 679 382 DE
692 339 959 392 'rRANerLtl‘rn‘ra
974 339 1072 386 ANlMl.
1103 343 1120 388 l.
1240 341 1304 411 193⁶

98 491 171 553 altius
191 487 275 570 ligat.
322 498 388 551 tam
414 487 569 550 malonrm
592 507 688 570 quam
711 487 869 550 bonorum
890 487 987 569 longa
1002 490 1198 552 conuersatio
1214 507 1301 552 amo-

72 607 152 658 lrem
171 596 277 658 induit.
323 593 403 658 haec
425 593 519 656 animi
542 594 623 656 inter
645 603 813 674 utrumque
837 594 923 656 dubii
945 615 1003 657 nec
1027 597 1067 657 ad
1084 605 1169 659 recta
1184 596 1305 660 sortiter

97 721 145 763 nec
170 702 209 762 ad
238 719 338 783 praua
368 699 527 780 uergentis
554 698 716 762 infirmitas
743 699 842 782 qualis
865 699 919 775 sit,
949 719 1015 762 non
1037 709 1103 764 tam
1127 703 1225 766 semel
1247 703 1304 766 tibi

97 827 208 888 possum
241 826 339 888 quam
370 825 427 888 per
457 813 563 886 partes
587 806 763 868 ostendere.
811 805 913 868 dicam
937 826 1019 886 quae
1042 807 1185 870 accidant
1208 808 1302 871 mihi:

72 924 83 974 l
97 924 124 976 tu
150 911 260 975 morbo
291 931 409 974 nomen
432 911 579 974 inuenies.
624 919 713 973 tenet
736 931 788 974 me
811 931 953 974 summus
976 932 1067 975 amor
1090 914 1305 994 parsimoniae,
1333 935 1345 974 s

98 1017 190 1082 lateor.
220 1017 325 1102 placet
348 1037 412 1079 non
435 1017 465 1080 in
489 1017 696 1080 ambitionem
713 1015 813 1080 cubile
829 1019 1039 1099 conpositum,
1064 1037 1129 1081 non
1145 1041 1186 1082 ex
1203 1021 1308 1084 arcula

97 1124 205 1206 prolata
227 1126 332 1199 uestis,
356 1142 420 1186 non
443 1123 637 1205 ponderibus
660 1143 698 1211 ac
720 1122 806 1186 mille
828 1123 994 1186 tormentis
1009 1123 1174 1206 splendere
1190 1145 1305 1207 cogen-

97 1231 167 1292 tibus
196 1249 363 1312 expressa,
394 1229 451 1291 sed
475 1227 650 1292 domestica
673 1235 705 1291 et
729 1226 811 1304 uilis,
843 1249 901 1290 nec
923 1238 1049 1293 seruata
1072 1251 1130 1293 nec
1153 1233 1307 1296 sumenda

72 1335 221 1398 tsollicite.
267 1334 371 1418 placet
394 1335 489 1409 cibus,
512 1353 607 1416 quem
631 1353 690 1396 nec
713 1343 825 1415 parent
844 1333 978 1400 familiae
993 1355 1052 1397 nec
1067 1345 1220 1419 spectent,
1242 1357 1306 1401 non

98 1451 159 1503 ante
180 1439 294 1502 multos
318 1441 489 1523 imperatus
512 1440 578 1502 dies
601 1457 661 1502 nec
680 1438 851 1504 multorum
869 1439 1012 1502 manibus
1028 1440 1226 1528 ministratus,
1249 1445 1347 1506 sedo

98 1545 227 1627 parabilis
257 1545 430 1627 facilisque,
462 1543 535 1607 nihil
554 1544 686 1630 ,habens
715 1546 852 1608 arcessiti
875 1545 1058 1625 pretiosiue,
1090 1546 1221 1610 ubilibet
1243 1569 1308 1610 non

98 1651 260 1728 defuturus,
292 1671 351 1713 nec
381 1651 569 1731 patrimonio
600 1670 659 1712 nec
682 1650 807 1730 corpori
831 1651 949 1729 grauis,
980 1671 1044 1712 non
1067 1654 1223 1716 rediturus
1246 1661 1309 1735 qu'a

73 1759 251 1822 Tintrauerit.
282 1756 387 1839 placet
411 1757 550 1819 minister
572 1755 705 1819 incultus
721 1765 753 1818 et
768 1756 854 1818 rudis
869 1756 1005 1832 uernula,
1029 1767 1195 1840 argentum
1212 1780 1310 1841 graue

99 1865 190 1927 rustici
219 1865 316 1946 patris
347 1867 412 1926 sine
443 1863 506 1925 ullo
539 1865 666 1925 nomine
697 1861 837 1944 artificis,
869 1873 900 1925 et
932 1883 1042 1928 mensa
1072 1885 1135 1927 non
1159 1851 1310 1930 uarietate

100 1970 278 2033 macularum
323 1969 493 2051 conspicua
533 1987 593 2030 nec
630 1987 688 2050 per
725 1968 840 2030 multas
878 1970 1081 2033 dominorum
1120 1970 1308 2053 elegantium
1327 1989 1349 2028 n

99 2080 299 2140 successiones
321 2076 438 2138 ciuitati
461 2085 546 2149 nota,
569 2077 626 2137 sed
647 2076 678 2137 in
694 2085 784 2136 usum
801 2077 913 2156 posita,
936 2096 1017 2158 quae
1032 2076 1142 2140 nullius
1158 2081 1310 2141 conuiuae

15 2177 16 2180 '
73 2182 196 2244 loculos
218 2203 277 2244 nec
300 2181 464 2263 uoluptate
488 2191 628 2243 moretur
651 2200 709 2272 nec
732 2181 885 2243 accendat
907 2182 1030 2245 inuidia.
1065 2203 1137 2244 cum
1154 2182 1235 2246 bene
1251 2187 1311 2247 ista

99 2287 276 2368 placuerunt,
301 2289 500 2370 praestringit
524 2287 662 2349 animum
686 2286 857 2376 adparatus
880 2285 1222 2370 alicuiuspaedagogii,
1245 2289 1308 2353 dili-

100 2399 212 2474 gentius
240 2415 337 2476 quam
368 2396 398 2458 in
428 2393 541 2457 tralatu
565 2393 680 2456 uestita
702 2402 734 2454 et
757 2413 834 2456 auro
858 2392 941 2456 culta
964 2397 1117 2478 mancipia
1140 2404 1173 2458 et
1195 2415 1311 2477 agmen
1399 2435 1400 2438 =

100 2521 249 2566 seruorum
280 2504 453 2567 nitentium.
499 2504 560 2563 iam
593 2502 706 2564 domus
738 2491 832 2563 etiam
863 2521 926 2582 qua
955 2502 1093 2565 calcatur
1119 2505 1258 2584 pretiosa
1280 2513 1312 2566 et
1326 2521 1352 2561 ru

101 2610 200 2672 diuitiis
222 2629 278 2692 per
302 2629 412 2670 omnes
435 2608 568 2690 angulos
584 2609 749 2690 dissipatis,
772 2615 858 2670 tecta
872 2609 940 2690 ipsa
954 2605 1105 2689 fulgentia
1121 2618 1153 2671 et
1169 2612 1311 2673 adsecta-

101 2723 145 2778 tor
165 2735 333 2802 comesque
356 2717 616 2796 patrimoniorum
639 2715 836 2795 pereuntium
860 2713 1004 2796 populus.
1034 2714 1108 2796 quid
1125 2715 1313 2796 perlucentis

101 2823 136 2883 ad
157 2825 250 2884 imum
274 2841 371 2902 aquas
395 2830 427 2883 et
450 2819 701 2883 circumfluentes
724 2823 793 2900 ipsa
813 2822 964 2896 conuiuia,
987 2822 1063 2902 quid
1079 2821 1186 2902 epulas
1202 2821 1314 2903 loquar

75 2934 203 2990 tscaena
238 2949 296 2990 sua
333 2929 464 3008 dignas?
519 2926 716 2989 circumfudit
751 2947 803 2988 me
837 2948 878 2988 ex
909 2925 1006 3008 longo
1038 2926 1222 3007 frugalitatis
1252 2929 1312 2990 situ

102 3037 265 3097 uenientem
283 3034 385 3096 multo
401 3032 571 3114 splendore
586 3032 710 3096 luxuria
725 3041 758 3093 et
772 3034 910 3113 undique
926 3035 1154 3096 circumsonuit.
1185 3033 1312 3116 paulum
1327 3051 1353 3090 n

102 3140 206 3202 titubat
228 3142 318 3202 acies.
357 3138 473 3202 facilius
497 3140 647 3201 aduersus
670 3137 754 3200 illam
778 3141 916 3200 animum
939 3159 1035 3220 quam
1059 3139 1168 3202 oculos
1191 3140 1313 3204 attollo

103 3247 205 3308 recedo
227 3247 334 3328 itaque
356 3265 420 3307 non
443 3249 540 3327 peior,
563 3246 621 3306 sed
644 3227 768 3319 tristior,
792 3265 851 3307 nec
866 3246 946 3307 inter
966 3243 1017 3307 illa
1032 3243 1143 3308 friuola
1159 3267 1230 3309 mea
1245 3257 1313 3310 tam

103 3348 172 3414 altus
202 3352 315 3414 incedo
347 3354 524 3433 tacitusque
555 3370 679 3413 morsus
710 3352 794 3412 subit
824 3359 856 3412 et
883 3350 1056 3425 dubitatio,
1088 3353 1240 3434 numquid
1263 3352 1315 3415 illa

104 3456 218 3520 meliora
247 3460 328 3520 sint:
362 3456 435 3519 nihil
466 3456 580 3518 horum
612 3476 664 3518 me
695 3465 813 3530 mutat,
845 3455 918 3518 nihil
948 3476 1012 3517 non
1035 3449 1143 3520 tamen
1167 3462 1313 3522 concutit.

66 3569 88 3620 ll
103 3559 194 3640 placet
223 3572 394 3645 praecepta
423 3562 605 3626 nostrorum
629 3563 716 3642 sequi
741 3569 773 3623 et
796 3564 825 3624 in
850 3563 986 3623 mediam
1011 3547 1054 3624 ire
1077 3563 1313 3644 rempublicam.
1329 3583 1354 3622 uu

104 3756 301 3767 ——..

105 3855 154 3910 tin
171 3865 331 3914 ambitionem
351 3860 421 3914 dett:
448 3863 586 3913 infibitione
675 3861 794 3926 coposltti
902 3858 918 3912 9
943 3819 1013 3926 parent
1035 3861 1128 3925 familie
1152 3878 1197 3912 nec
1216 3821 1314 3926 spectel.

182 3951 212 4002 15
232 3951 380 4016 elegantium
400 3948 565 4003 deteriores:
588 3949 727 4014 elegantum
819 3947 852 4000 18
871 3949 1010 4014 prestringit
1101 3955 1232 4014 apparatus

105 4038 225 4104 pedagogii
245 4039 383 4106 (extrema
401 4039 409 4087 ἱ
429 4037 543 4101 incerta)
645 4036 677 4089 21
699 4042 766 4106 post
784 4036 908 4102 dissipatis
927 4033 1215 4106 admodum'susplcor
1233 4036 1314 4089 inter·

106 4123 190 4180 cidisse
202 4129 289 4177 referta
302 4125 460 4196 absorptum
473 4124 596 4206 sequenti
608 4131 671 4176 tecta
762 4124 796 4177 24
821 4141 908 4190 scenas
926 4142 970 4174 sua
989 4124 1010 4193 (s
1021 4131 1085 4194 post
1098 4141 1112 4174 a
1125 4123 1225 4191 deleta)

107 4261 134 4316 28
150 4269 260 4332 numquid
280 4265 380 4336 urtho:
400 4283 464 4318 nunc
483 4268 542 4331 quid
632 4263 666 4318 29
686 4271 836 4316 nontamen
856 4263 964 4319 Haase:
985 4281 1034 4314 non
1053 4230 1135 4316 lamed
1155 4263 1213 4318 cod.
1234 4271 1316 4315 lamen

107 4366 148 4400 non
170 4352 315 4409 deteriores
424 4355 458 4408 30
483 4357 651 4420 inpreceptotl
677 4351 737 4408 cod.
757 4360 889 4419 praecepta
908 4361 1045 4403 nostrorum
1066 4351 1159 4408 Koch:
1187 4356 1315 4419 imperium

108 4451 277 4508 praeceptorum
299 4443 381 4498 Gertz
406 4445 463 4494 iude
487 4445 554 4494 uiam
579 4447 765 4510 praeceptorum
787 4441 880 4495 Haase
903 4444 969 4492 uiam
994 4448 1182 4508 praeceptorum
1201 4440 1316 4512 Mudm'q

999 4530 1101 4595 Ι13
