3212 5318
273 371 352 416 olet..
369 371 408 416 xt.
436 372 479 413 Ab
494 371 629 414 Hstvtmu
646 373 776 416 Mutuum
793 373 832 415 DE
847 374 1088 418 CONSOLATIONE.
1121 377 1151 418 12.
1261 379 1320 443 26¹

105 518 226 581 notabis
262 519 415 582 tristiores
450 519 707 603 sollicitioresque
742 519 909 584 diuitibus:
951 521 1049 584 immo
1079 521 1184 584 nescio
1216 541 1255 584 an
1286 541 1326 584 eo

80 639 91 689 t
105 625 243 687 laetiores
260 625 330 700 sint,
346 645 410 708 quo
426 627 547 689 animus
562 627 686 690 illorum
701 629 730 690 in
744 629 892 709 pauciora
906 627 1106 708 distringitur.
1130 637 1326 690 transcamus

99 740 262 812 pauperes,
278 741 373 812 saepe
382 753 446 794 non
461 732 594 794 miserus
606 733 650 796 ob
657 743 891 815 paupertatem,
907 733 1069 812 ueniamus
1083 735 1123 796 ad
1134 733 1322 816 locupletes:

104 857 190 920 quam
217 838 318 902 multa
341 847 486 922 tempora
508 849 588 914 sunt,
612 839 725 922 quibus
747 839 936 922 pauperibus
952 839 1067 902 similes
1083 841 1163 902 sint?
1195 841 1323 902 circum-

10 1023 11 1026 *
104 947 177 1008 cisae
201 955 277 1008 sunt
299 947 565 1027 peregrinantium
589 947 728 1010 sarcinae
752 955 784 1030 et
807 947 953 1029 quotiens
969 945 1200 1010 festinationem
1218 963 1352 1009 neces-⁵

11 1029 12 1044 ¹
103 1055 169 1114 sitas
193 1053 312 1114 itineris
335 1055 458 1134 exegit,
488 1054 640 1116 comitum
665 1053 757 1116 turba
782 1055 955 1117 dimittitur.
1003 1052 1170 1116 militantes
1194 1063 1324 1136 quotam

104 1169 221 1242 partem
262 1179 366 1221 rerum
402 1179 527 1222 suarum
559 1180 666 1222 secum
699 1159 834 1235 habent,
873 1179 943 1222 curn
977 1178 1105 1222 omnem
1137 1161 1324 1242 adparatum

11 1275 12 1288 ¹
78 1266 266 1329 tcastrensis
290 1264 452 1346 disciplina
475 1271 695 1330 summoueat?
727 1285 786 1328 nec
808 1275 931 1330 tantum
955 1267 1099 1329 condicio
1117 1266 1185 1328 illos
1200 1275 1325 1348 tempo-

11 1453 12 1464 *
104 1392 165 1434 rum
198 1379 254 1433 aut
285 1370 428 1434 locorum
460 1373 565 1454 inopia
592 1372 780 1455 pauperibus
804 1381 980 1455 exaequat:
1015 1379 1143 1434 sumunt
1166 1374 1324 1454 quosdam

11 1469 12 1550 ζ
103 1477 177 1554 dies,
202 1499 277 1542 cum
300 1479 362 1540 iarn
387 1477 456 1540 illos
479 1479 656 1542 diuitiarum
681 1479 821 1541 taedium
846 1481 942 1560 cepit,
966 1479 1078 1560 quibus
1101 1478 1187 1541 humi
1211 1487 1324 1542 cenent
1342 1495 1365 1536 u

104 1593 130 1646 et
160 1595 289 1648 remoto
320 1605 397 1648 auro
428 1569 626 1667 argentoque
656 1585 801 1648 fictilibus
832 1593 965 1648 utantur.
1028 1587 1214 1648 dementes!
1263 1585 1325 1648 hoc
1376 1569 1389 1588 ⁶

11 1715 12 1772 3
103 1693 185 1772 quod
209 1691 379 1774 aliquando
404 1693 635 1775 concupiscunt,
659 1711 785 1774 semper
807 1693 927 1754 timent.
965 1712 985 1753 ο
1007 1700 1125 1772 quanta
1140 1689 1207 1754 illos
1224 1691 1325 1772 caligo
1344 1727 1352 1736 ·

12 1811 13 1818 ’
104 1799 269 1873 mentium,
300 1808 418 1880 quanta
449 1801 625 1880 ignorantia
656 1801 794 1861 ueritatis
825 1805 971 1874 exercet,
1003 1798 1059 1880 pui
1079 1797 1218 1878 fugiunt
1238 1799 1325 1879 quod

11 1921 12 1988 l
77 1913 89 1964 t
105 1905 272 1989 uoluptatis
288 1925 382 1968 causa
397 1907 572 1968 imitantur!
603 1925 655 1967 me
670 1907 797 1987 quidem
815 1905 960 1986 quotiens
977 1906 1017 1966 ad
1034 1905 1161 1986 antiqua
1178 1902 1327 1986 exempla

11 2043 13 2062 ‹
105 2015 234 2095 respexi,
259 2014 453 2093 paupertatis
477 2014 520 2076 uti
544 2012 665 2076 solaciis
689 2014 796 2093 pudet,
820 2013 969 2094 quoniam
994 2012 1122 2094 quidem
1145 2031 1184 2072 eo
1200 2019 1324 2093 tempo.
1342 2027 1366 2067 rs

11 2159 12 2208 ᾗ
105 2139 167 2182 rum
199 2118 324 2182 luxuria
353 2119 501 2200 prolapsa
532 2127 595 2194 est,
627 2129 660 2182 ut
692 2120 790 2180 maius
820 2119 965 2180 uiaticum
991 2117 1120 2180 exulum
1144 2119 1199 2192 sit,
1229 2135 1325 2198 quam

10 2223 12 2306 j
105 2227 174 2288 olim
206 2225 431 2308 patrimonium
462 2227 636 2308 principum
668 2225 731 2288 suit.
779 2244 875 2287 unum
905 2205 998 2286 luisse⁸
1022 2224 1166 2286 Homero
1191 2241 1325 2297 seruum,

11 2373 12 2410 3
105 2341 162 2396 tres
191 2331 332 2408 Platoni,
363 2332 481 2395 nullum
507 2333 641 2407 Zenoni,
674 2351 692 2393 a
722 2352 786 2414 quo
818 2332 922 2413 coepit
947 2329 1127 2394 Stoicorum
1159 2329 1259 2410 rigida
1289 2347 1326 2392 ac

106 2439 191 2502 uirilis
217 2423 389 2521 sapientia,
421 2441 496 2502 satis
527 2446 659 2501 constat.
715 2457 789 2500 num
822 2457 899 2518 ergo
930 2438 1095 2519 quisquam
1127 2457 1182 2498 eos
1214 2436 1326 2498 misere

11 2599 12 2608 ,
106 2547 216 2608 uixisse
247 2547 347 2622 dicet,
378 2555 412 2609 ut
441 2567 505 2607 non
534 2547 600 2628 ipse
624 2547 813 2608 miserrimus
838 2543 882 2605 ob
906 2543 968 2606 hoc
992 2543 1137 2607 omnibus
1161 2543 1325 2605 uideatur?
1340 2557 1366 2599 tu

78 2653 265 2716 sutenenius
290 2654 450 2736 Agrippa,
482 2654 533 2735 qui
565 2656 644 2714 inter
674 2661 780 2734 patres
811 2669 848 2714 ac
878 2650 1006 2733 plebem
1036 2650 1179 2732 publicae
1208 2649 1327 2730 gratiae

106 2769 264 2840 sequester
287 2759 357 2835 suit,
387 2779 460 2822 aere
484 2759 610 2822 conlato
635 2757 793 2821 funeratus
817 2766 871 2821 est.
920 2756 1050 2820 Attilius
1074 2756 1229 2837 ReguluS,
1253 2775 1325 2817 cum

107 2865 226 2928 Poenos
243 2869 280 2928 in
298 2850 413 2928 'Africa
436 2865 589 2952 funderet,
614 2867 654 2927 ad
671 2873 815 2927 senatum
832 2849 954 2944 scripsit
970 2863 1216 2946 mercennarium
1234 2881 1325 2923 suum

107 2973 281 3034 discessisse
305 2982 337 3034 et
360 2972 401 3035 ab
425 2991 464 3034 eo
489 2973 648 3034 desertum
670 2991 739 3033 esse
755 2991 815 3046 rus,
839 2971 927 3051 quod
943 2971 1063 3032 senatui
1078 2968 1202 3050 publice
1218 2969 1325 3042 curari,

108 3078 179 3140 dum
209 3079 335 3142 abesset
358 3078 516 3160 Regulus,
547 3078 680 3160 placuit:
714 3075 811 3139 luitne
841 3076 919 3138 tanti
949 3095 1075 3138 seruum
1107 3096 1170 3138 non
1198 3074 1325 3150 habere,
1340 3090 1365 3131 as

78 3189 140 3247 tut
162 3185 292 3262 colonus
315 3185 380 3248 eius
403 3184 538 3268 populus
554 3186 718 3247 Romanus
742 3186 846 3246 esset?
879 3181 1032 3266 Scipionis
1052 3183 1132 3246 filiae
1148 3203 1190 3244 ex
1206 3182 1325 3244 aerario

111 3537 120 3589 l
142 3556 169 3590 eo
187 3541 283 3591 letiores
304 3539 344 3607 (eo
363 3539 386 3589 le
405 3537 431 3592 iu
450 3553 523 3596 rus:
542 3535 605 3606 flul,
625 3545 653 3591 ut
672 3536 790 3600 uidetur,
810 3555 839 3588 eo
858 3539 907 3605 lae)
1028 3538 1043 3590 2
1067 3555 1115 3602 quo
1136 3535 1238 3607 Neap:
1260 3539 1326 3604 quod

238 3629 389 3702 distringitur
408 3625 573 3681 deteriores:
595 3625 730 3692 destringit*
861 3633 1010 3676 transeamus
1035 3641 1154 3691 pauperes
1179 3643 1252 3692 saepe
1277 3642 1325 3676 non

111 3719 205 3769 miseros
222 3721 256 3768 ob
276 3722 460 3783 paupertatem,
485 3717 610 3766 ueniamus
629 3713 706 3768 Koch
726 3715 886 3782 (transeamus
905 3731 965 3780 opes
986 3731 1064 3780 paene
1083 3715 1177 3780 inopes,
1202 3717 1326 3765 ueniamus

111 3801 240 3878 Maduip):
263 3814 395 3864 transeam:
417 3823 463 3872 ape
480 3822 524 3870 spe
542 3822 592 3855 uon
610 3806 770 3854 obueniumus
789 3803 848 3858 cod.
870 3801 1008 3873 Madut'pt't'
1025 3802 1103 3858 leutio
1122 3804 1229 3858 manem
1247 3801 1328 3858 labet

111 3897 275 3954 sententium:
297 3911 368 3964 quas
386 3895 445 3964 ipse
458 3893 545 3964 postu
560 3891 655 3947 saltem
674 3891 794 3963 intellegi
808 3900 924 3963 possunt
1013 3892 1167 3958 itempora
1185 3901 1238 3942 sunt
1257 3890 1327 3957 cod,
1424 3939 1428 3949 .

111 4043 161 4086 sunt
178 4045 285 4103 tempora
305 4052 366 4091 cum
384 4035 545 4091 editionibus
563 4033 727 4106 quibusdum
745 4033 939 4090 uetustioribus
957 4033 1051 4088 Haase
1143 4035 1158 4088 7
1178 3993 1237 4088 ullu

113 4133 247 4189 apparatum
393 4127 425 4178 13
450 4128 491 4192 qui
512 4127 605 4190 lugiunt
624 4126 690 4190 quod
709 4122 766 4177 Es,
792 4141 865 4190 quem
885 4123 945 4181 cod.
963 4121 1057 4177 Possis
1075 4124 1154 4176 elium
1173 4125 1213 4189 qui
1233 4125 1326 4190 lugiunt

114 4259 268 4315 paupertatem
287 4269 362 4318 quam
453 4249 487 4304 17
505 4251 645 4316 principit*
737 4249 769 4304 18
783 4251 847 4316 cepit
938 4249 972 4302 20
991 4225 1116 4304 miserum:
1209 4247 1242 4300 22
1257 4248 1324 4296 luit*

115 4371 165 4439 aere
182 4396 312 4444 coellatus
402 4393 491 4444 attilius
511 4393 564 4459 (etti
584 4392 610 4444 iu
630 4393 696 4454 rus-l
787 4391 821 4443 ‘24
841 4407 893 4441 esse
913 4349 1032 4456 russriublls
1042 4390 1193 4460 (suprascr.
1208 4403 1243 4444 m.
1259 4387 1325 4456 rec.)

195 4483 289 4549 puplice
360 4493 362 4500 ’
379 4481 413 4536 26
433 4485 471 4537 .P.
479 4484 509 4534 R.
600 4483 678 4531 erario
