<?xml version="1.0" encoding="UTF-8"?>
<!DOCTYPE html PUBLIC "-//W3C//DTD XHTML 1.0 Transitional//EN"
    "http://www.w3.org/TR/xhtml1/DTD/xhtml1-transitional.dtd">
<html xmlns="http://www.w3.org/1999/xhtml" xml:lang="en" lang="en">
 <head>
  <title>
</title>
<meta http-equiv="Content-Type" content="text/html;charset=utf-8" />
  <meta name='ocr-system' content='tesseract 3.04.00' />
  <meta name='ocr-capabilities' content='ocr_page ocr_carea ocr_par ocr_line ocrx_word'/>
</head>
<body>
  <div class='ocr_page' id='page_1' title='image "./lannaeisenecaed01vahlgoog_0071.png"; bbox 0 0 3234 5336; ppageno 0'>
   <div class='ocr_carea' id='block_1_1' title="bbox 313 341 1253 408">
    <p class='ocr_par' dir='ltr' id='par_1_1' title="bbox 313 341 1253 408">
     <span class='ocr_line' id='line_1_1' title="bbox 313 341 1253 408; baseline 0 -25"><span class='ocrx_word' id='word_1_1' title='bbox 313 348 354 408; x_wconf 80' lang='lat'>30</span> <span class='ocrx_word' id='word_1_2' title='bbox 589 341 707 386; x_wconf 67' lang='lat' dir='ltr'>Dinull.</span> <span class='ocrx_word' id='word_1_3' title='bbox 728 343 770 382; x_wconf 78' lang='lat' dir='ltr'>nl)</span> <span class='ocrx_word' id='word_1_4' title='bbox 792 342 932 382; x_wconf 84' lang='lat' dir='ltr'>SERENVM</span> <span class='ocrx_word' id='word_1_5' title='bbox 953 341 1012 382; x_wconf 86' lang='lat' dir='ltr'>NEC</span> <span class='ocrx_word' id='word_1_6' title='bbox 1032 341 1173 382; x_wconf 76' lang='lat' dir='ltr'>INIVRlnM</span> <span class='ocrx_word' id='word_1_7' title='bbox 1193 342 1253 384; x_wconf 83' lang='lat' dir='ltr'>NEC</span> 
     </span>
    </p>
   </div>
   <div class='ocr_carea' id='block_1_2' title="bbox 272 486 1596 3552">
    <p class='ocr_par' dir='ltr' id='par_1_2' title="bbox 311 486 1591 889">
     <span class='ocr_line' id='line_1_2' title="bbox 400 486 1591 574; baseline 0 -26"><span class='ocrx_word' id='word_1_8' title='bbox 400 487 489 550; x_wconf 91' lang='lat' dir='ltr'>XIV.</span> <span class='ocrx_word' id='word_1_9' title='bbox 520 486 623 550; x_wconf 88' lang='lat' dir='ltr'>Tanta</span> <span class='ocrx_word' id='word_1_10' title='bbox 655 488 812 569; x_wconf 90' lang='lat' dir='ltr'>quosdam</span> <span class='ocrx_word' id='word_1_11' title='bbox 845 488 1004 552; x_wconf 90' lang='lat' dir='ltr'>dementia</span> <span class='ocrx_word' id='word_1_12' title='bbox 1034 497 1134 562; x_wconf 90' lang='lat' dir='ltr'>tenet,</span> <span class='ocrx_word' id='word_1_13' title='bbox 1167 497 1201 550; x_wconf 94' lang='lat' dir='ltr'>ut</span> <span class='ocrx_word' id='word_1_14' title='bbox 1232 489 1290 550; x_wconf 89' lang='lat' dir='ltr'>sibi</span> <span class='ocrx_word' id='word_1_15' title='bbox 1314 489 1539 550; x_wconf 86' lang='lat' dir='ltr'>contumeliaml</span> <span class='ocrx_word' id='word_1_16' title='bbox 1590 498 1591 574; x_wconf 71' lang='lat' dir='ltr'>l</span> 
     </span>
     <span class='ocr_line' id='line_1_3' title="bbox 311 593 1591 690; baseline 0.002 -36"><span class='ocrx_word' id='word_1_17' title='bbox 311 593 376 656; x_wconf 87' lang='lat' dir='ltr'>lieri</span> <span class='ocrx_word' id='word_1_18' title='bbox 407 603 520 675; x_wconf 87' lang='lat' dir='ltr'>putent</span> <span class='ocrx_word' id='word_1_19' title='bbox 549 614 644 690; x_wconf 80' lang='lat' dir='ltr'>posse</span> <span class='ocrx_word' id='word_1_20' title='bbox 675 615 693 655; x_wconf 88' lang='lat' dir='ltr'>a</span> <span class='ocrx_word' id='word_1_21' title='bbox 726 594 861 656; x_wconf 92' lang='lat' dir='ltr'>muliere.</span> <span class='ocrx_word' id='word_1_22' title='bbox 916 595 991 674; x_wconf 93' lang='lat' dir='ltr'>quid</span> <span class='ocrx_word' id='word_1_23' title='bbox 1023 594 1118 657; x_wconf 84' lang='lat' dir='ltr'>refert</span> <span class='ocrx_word' id='word_1_24' title='bbox 1148 615 1243 675; x_wconf 88' lang='lat' dir='ltr'>quam</span> <span class='ocrx_word' id='word_1_25' title='bbox 1274 596 1424 670; x_wconf 87' lang='lat' dir='ltr'>habeant,</span> <span class='ocrx_word' id='word_1_26' title='bbox 1451 607 1515 676; x_wconf 91' lang='lat' dir='ltr'>quot</span> <span class='ocrx_word' id='word_1_27' title='bbox 1590 597 1591 606; x_wconf 48' lang='lat'><strong>³</strong></span> 
     </span>
     <span class='ocr_line' id='line_1_4' title="bbox 312 699 1515 783; baseline 0 -21"><span class='ocrx_word' id='word_1_28' title='bbox 312 701 484 762; x_wconf 85' lang='lat' dir='ltr'>lecticarios</span> <span class='ocrx_word' id='word_1_29' title='bbox 514 699 700 776; x_wconf 85' lang='lat' dir='ltr'>habentem,</span> <span class='ocrx_word' id='word_1_30' title='bbox 731 721 827 782; x_wconf 88' lang='lat' dir='ltr'>quam</span> <span class='ocrx_word' id='word_1_31' title='bbox 852 710 999 764; x_wconf 85' lang='lat' dir='ltr'>oneratas</span> <span class='ocrx_word' id='word_1_32' title='bbox 1022 722 1127 777; x_wconf 90' lang='lat' dir='ltr'>aures,</span> <span class='ocrx_word' id='word_1_33' title='bbox 1158 723 1253 783; x_wconf 89' lang='lat' dir='ltr'>quam</span> <span class='ocrx_word' id='word_1_34' title='bbox 1277 701 1383 764; x_wconf 86' lang='lat' dir='ltr'>laxam</span> <span class='ocrx_word' id='word_1_35' title='bbox 1407 702 1515 764; x_wconf 82' lang='lat' dir='ltr'>sellam?</span> 
     </span>
     <span class='ocr_line' id='line_1_5' title="bbox 312 807 1517 889; baseline 0 -21"><span class='ocrx_word' id='word_1_36' title='bbox 312 827 412 887; x_wconf 88' lang='lat' dir='ltr'>aeque</span> <span class='ocrx_word' id='word_1_37' title='bbox 450 807 620 889; x_wconf 86' lang='lat' dir='ltr'>inprudens</span> <span class='ocrx_word' id='word_1_38' title='bbox 657 808 772 870; x_wconf 89' lang='lat' dir='ltr'>animal</span> <span class='ocrx_word' id='word_1_39' title='bbox 804 818 852 870; x_wconf 89' lang='lat' dir='ltr'>est</span> <span class='ocrx_word' id='word_1_40' title='bbox 882 817 928 882; x_wconf 90' lang='lat' dir='ltr'>et,</span> <span class='ocrx_word' id='word_1_41' title='bbox 967 809 1022 870; x_wconf 92' lang='lat' dir='ltr'>nisi</span> <span class='ocrx_word' id='word_1_42' title='bbox 1053 810 1181 870; x_wconf 90' lang='lat' dir='ltr'>scientia</span> <span class='ocrx_word' id='word_1_43' title='bbox 1211 811 1342 870; x_wconf 87' lang='lat' dir='ltr'>accessit</span> <span class='ocrx_word' id='word_1_44' title='bbox 1370 829 1406 870; x_wconf 91' lang='lat' dir='ltr'>ac</span> <span class='ocrx_word' id='word_1_45' title='bbox 1434 808 1517 868; x_wconf 85' lang='lat' dir='ltr'>multa</span> 
     </span>
    </p>

    <p class='ocr_par' dir='ltr' id='par_1_3' title="bbox 273 914 1592 1423">
     <span class='ocr_line' id='line_1_6' title="bbox 273 914 1592 996; baseline 0.002 -25"><span class='ocrx_word' id='word_1_46' title='bbox 273 934 284 970; x_wconf 77' lang='lat' dir='ltr'>s</span> <span class='ocrx_word' id='word_1_47' title='bbox 312 914 458 987; x_wconf 91' lang='lat' dir='ltr'>eruditi0‚</span> <span class='ocrx_word' id='word_1_48' title='bbox 490 914 604 988; x_wconf 82' lang='lat' dir='ltr'>serum,</span> <span class='ocrx_word' id='word_1_49' title='bbox 636 915 851 996; x_wconf 80' lang='lat' dir='ltr'>cupiditatium</span> <span class='ocrx_word' id='word_1_50' title='bbox 880 917 1083 976; x_wconf 79' lang='lat' dir='ltr'>incontinens,</span> <span class='ocrx_word' id='word_1_51' title='bbox 1135 917 1263 996; x_wconf 91' lang='lat' dir='ltr'>quidam</span> <span class='ocrx_word' id='word_1_52' title='bbox 1287 937 1321 978; x_wconf 94' lang='lat' dir='ltr'>se</span> <span class='ocrx_word' id='word_1_53' title='bbox 1345 936 1364 976; x_wconf 88' lang='lat' dir='ltr'>a</span> <span class='ocrx_word' id='word_1_54' title='bbox 1386 916 1516 977; x_wconf 89' lang='lat' dir='ltr'>cinerario</span> <span class='ocrx_word' id='word_1_55' title='bbox 1591 930 1592 990; x_wconf 75' lang='lat' dir='ltr'>l</span> 
     </span>
     <span class='ocr_line' id='line_1_7' title="bbox 312 1019 1516 1101; baseline 0.002 -21"><span class='ocrx_word' id='word_1_56' title='bbox 312 1019 451 1101; x_wconf 89' lang='lat' dir='ltr'>inpulsos</span> <span class='ocrx_word' id='word_1_57' title='bbox 476 1021 610 1082; x_wconf 84' lang='lat' dir='ltr'>moleste</span> <span class='ocrx_word' id='word_1_58' title='bbox 634 1020 736 1083; x_wconf 89' lang='lat' dir='ltr'>lerunt</span> <span class='ocrx_word' id='word_1_59' title='bbox 760 1030 791 1083; x_wconf 93' lang='lat' dir='ltr'>et</span> <span class='ocrx_word' id='word_1_60' title='bbox 814 1021 1040 1083; x_wconf 90' lang='lat' dir='ltr'>contumeliam</span> <span class='ocrx_word' id='word_1_61' title='bbox 1057 1031 1172 1084; x_wconf 88' lang='lat' dir='ltr'>uocant</span> <span class='ocrx_word' id='word_1_62' title='bbox 1187 1023 1293 1084; x_wconf 86' lang='lat' dir='ltr'>ostiari</span> <span class='ocrx_word' id='word_1_63' title='bbox 1311 1021 1516 1094; x_wconf 84' lang='lat' dir='ltr'>difficultatem,</span> 
     </span>
     <span class='ocr_line' id='line_1_8' title="bbox 313 1126 1517 1209; baseline 0 -23"><span class='ocrx_word' id='word_1_64' title='bbox 313 1126 577 1188; x_wconf 86' lang='lat' dir='ltr'>nomenculatoris</span> <span class='ocrx_word' id='word_1_65' title='bbox 601 1128 789 1209; x_wconf 89' lang='lat' dir='ltr'>superbiam,</span> <span class='ocrx_word' id='word_1_66' title='bbox 813 1128 982 1190; x_wconf 86' lang='lat' dir='ltr'>cubiculari</span> <span class='ocrx_word' id='word_1_67' title='bbox 1006 1127 1211 1208; x_wconf 88' lang='lat' dir='ltr'>supercilium.</span> <span class='ocrx_word' id='word_1_68' title='bbox 1259 1149 1279 1188; x_wconf 93' lang='lat' dir='ltr'>o</span> <span class='ocrx_word' id='word_1_69' title='bbox 1305 1137 1438 1208; x_wconf 89' lang='lat' dir='ltr'>quantus</span> <span class='ocrx_word' id='word_1_70' title='bbox 1452 1128 1517 1187; x_wconf 84' lang='lat' dir='ltr'>inter</span> 
     </span>
     <span class='ocr_line' id='line_1_9' title="bbox 312 1232 1517 1316; baseline -0.001 -23"><span class='ocrx_word' id='word_1_71' title='bbox 312 1234 370 1294; x_wconf 89' lang='lat' dir='ltr'>ista</span> <span class='ocrx_word' id='word_1_72' title='bbox 401 1234 479 1294; x_wconf 88' lang='lat' dir='ltr'>risus</span> <span class='ocrx_word' id='word_1_73' title='bbox 515 1232 672 1296; x_wconf 92' lang='lat' dir='ltr'>tollendus</span> <span class='ocrx_word' id='word_1_74' title='bbox 703 1243 764 1308; x_wconf 90' lang='lat' dir='ltr'>est,</span> <span class='ocrx_word' id='word_1_75' title='bbox 804 1245 921 1315; x_wconf 89' lang='lat' dir='ltr'>quanta</span> <span class='ocrx_word' id='word_1_76' title='bbox 952 1234 1115 1315; x_wconf 85' lang='lat' dir='ltr'>uoluptate</span> <span class='ocrx_word' id='word_1_77' title='bbox 1146 1234 1310 1316; x_wconf 88' lang='lat' dir='ltr'>inplendus</span> <span class='ocrx_word' id='word_1_78' title='bbox 1341 1236 1458 1296; x_wconf 89' lang='lat' dir='ltr'>animus</span> <span class='ocrx_word' id='word_1_79' title='bbox 1484 1254 1517 1293; x_wconf 82' lang='lat' dir='ltr'>ex</span> 
     </span>
     <span class='ocr_line' id='line_1_10' title="bbox 311 1339 1542 1423; baseline 0.004 -23"><span class='ocrx_word' id='word_1_80' title='bbox 311 1339 485 1402; x_wconf 91' lang='lat' dir='ltr'>alienorum</span> <span class='ocrx_word' id='word_1_81' title='bbox 503 1361 645 1402; x_wconf 90' lang='lat' dir='ltr'>errorum</span> <span class='ocrx_word' id='word_1_82' title='bbox 662 1339 798 1403; x_wconf 90' lang='lat' dir='ltr'>tumultu</span> <span class='ocrx_word' id='word_1_83' title='bbox 815 1341 1041 1421; x_wconf 86' lang='lat' dir='ltr'>contemplanti</span> <span class='ocrx_word' id='word_1_84' title='bbox 1057 1342 1194 1420; x_wconf 89' lang='lat' dir='ltr'>quietem</span> <span class='ocrx_word' id='word_1_85' title='bbox 1209 1346 1315 1403; x_wconf 88' lang='lat' dir='ltr'>suam!</span> <span class='ocrx_word' id='word_1_86' title='bbox 1349 1342 1423 1423; x_wconf 91' lang='lat' dir='ltr'>quid</span> <span class='ocrx_word' id='word_1_87' title='bbox 1438 1343 1516 1419; x_wconf 84' lang='lat' dir='ltr'>ergo?</span> <span class='ocrx_word' id='word_1_88' title='bbox 1532 1357 1542 1405; x_wconf 65' lang='grc' dir='ltr'>ι)</span> 
     </span>
    </p>

    <p class='ocr_par' dir='ltr' id='par_1_4' title="bbox 275 1446 1594 1953">
     <span class='ocr_line' id='line_1_11' title="bbox 275 1446 1593 1540; baseline 0 -35"><span class='ocrx_word' id='word_1_89' title='bbox 275 1466 298 1505; x_wconf 89' lang='lat'>10</span> <span class='ocrx_word' id='word_1_90' title='bbox 313 1447 436 1527; x_wconf 92' lang='lat' dir='ltr'>sapiens</span> <span class='ocrx_word' id='word_1_91' title='bbox 460 1466 523 1508; x_wconf 93' lang='lat' dir='ltr'>non</span> <span class='ocrx_word' id='word_1_92' title='bbox 548 1449 690 1509; x_wconf 82' lang='lat' dir='ltr'>accedet</span> <span class='ocrx_word' id='word_1_93' title='bbox 702 1447 742 1508; x_wconf 90' lang='lat' dir='ltr'>ad</span> <span class='ocrx_word' id='word_1_94' title='bbox 759 1446 850 1522; x_wconf 79' lang='lat' dir='ltr'>soreS,</span> <span class='ocrx_word' id='word_1_95' title='bbox 874 1467 953 1528; x_wconf 90' lang='lat' dir='ltr'>quas</span> <span class='ocrx_word' id='word_1_96' title='bbox 970 1449 1065 1508; x_wconf 91' lang='lat' dir='ltr'>durus</span> <span class='ocrx_word' id='word_1_97' title='bbox 1082 1448 1193 1508; x_wconf 87' lang='lat' dir='ltr'>ianitor</span> <span class='ocrx_word' id='word_1_98' title='bbox 1209 1448 1353 1509; x_wconf 85' lang='lat' dir='ltr'>obsidet?</span> <span class='ocrx_word' id='word_1_99' title='bbox 1386 1446 1433 1509; x_wconf 92' lang='lat' dir='ltr'>ille</span> <span class='ocrx_word' id='word_1_100' title='bbox 1448 1465 1519 1518; x_wconf 84' lang='lat' dir='ltr'>uero,</span> <span class='ocrx_word' id='word_1_101' title='bbox 1592 1489 1593 1540; x_wconf 26' lang='grc' dir='ltr'>ᾖ</span> 
     </span>
     <span class='ocr_line' id='line_1_12' title="bbox 311 1554 1593 1635; baseline -0.002 -21"><span class='ocrx_word' id='word_1_102' title='bbox 311 1555 336 1614; x_wconf 88' lang='lat' dir='ltr'>si</span> <span class='ocrx_word' id='word_1_103' title='bbox 359 1575 409 1614; x_wconf 91' lang='lat' dir='ltr'>res</span> <span class='ocrx_word' id='word_1_104' title='bbox 433 1555 608 1615; x_wconf 84' lang='lat' dir='ltr'>necessaria</span> <span class='ocrx_word' id='word_1_105' title='bbox 631 1554 766 1630; x_wconf 89' lang='lat' dir='ltr'>uocabit,</span> <span class='ocrx_word' id='word_1_106' title='bbox 790 1555 969 1635; x_wconf 89' lang='lat' dir='ltr'>experietur</span> <span class='ocrx_word' id='word_1_107' title='bbox 993 1564 1025 1615; x_wconf 91' lang='lat' dir='ltr'>et</span> <span class='ocrx_word' id='word_1_108' title='bbox 1041 1554 1126 1616; x_wconf 94' lang='lat' dir='ltr'>illum</span> <span class='ocrx_word' id='word_1_109' title='bbox 1143 1555 1281 1635; x_wconf 91' lang='lat' dir='ltr'>quisquis</span> <span class='ocrx_word' id='word_1_110' title='bbox 1298 1555 1356 1615; x_wconf 92' lang='lat' dir='ltr'>erit</span> <span class='ocrx_word' id='word_1_111' title='bbox 1372 1562 1517 1633; x_wconf 87' lang='lat' dir='ltr'>tamquam</span> <span class='ocrx_word' id='word_1_112' title='bbox 1592 1559 1593 1578; x_wconf 67' lang='lat'>¹</span> 
     </span>
     <span class='ocr_line' id='line_1_13' title="bbox 312 1659 1518 1740; baseline -0.002 -20"><span class='ocrx_word' id='word_1_113' title='bbox 312 1680 422 1721; x_wconf 91' lang='lat' dir='ltr'>canem</span> <span class='ocrx_word' id='word_1_114' title='bbox 446 1681 551 1722; x_wconf 89' lang='lat' dir='ltr'>acrem</span> <span class='ocrx_word' id='word_1_115' title='bbox 576 1661 703 1723; x_wconf 88' lang='lat' dir='ltr'>obiecto</span> <span class='ocrx_word' id='word_1_116' title='bbox 727 1661 798 1722; x_wconf 92' lang='lat' dir='ltr'>cibo</span> <span class='ocrx_word' id='word_1_117' title='bbox 814 1660 909 1722; x_wconf 90' lang='lat' dir='ltr'>leniet</span> <span class='ocrx_word' id='word_1_118' title='bbox 924 1681 983 1722; x_wconf 90' lang='lat' dir='ltr'>nec</span> <span class='ocrx_word' id='word_1_119' title='bbox 999 1661 1211 1740; x_wconf 83' lang='lat' dir='ltr'>indignabitur</span> <span class='ocrx_word' id='word_1_120' title='bbox 1226 1659 1346 1740; x_wconf 90' lang='lat' dir='ltr'>aliquid</span> <span class='ocrx_word' id='word_1_121' title='bbox 1359 1661 1518 1740; x_wconf 87' lang='lat' dir='ltr'>inpendere,</span> 
     </span>
     <span class='ocr_line' id='line_1_14' title="bbox 312 1765 1519 1848; baseline -0.003 -22"><span class='ocrx_word' id='word_1_122' title='bbox 312 1775 345 1826; x_wconf 88' lang='lat' dir='ltr'>ut</span> <span class='ocrx_word' id='word_1_123' title='bbox 369 1766 463 1827; x_wconf 92' lang='lat' dir='ltr'>limen</span> <span class='ocrx_word' id='word_1_124' title='bbox 486 1775 633 1842; x_wconf 88' lang='lat' dir='ltr'>transeat,</span> <span class='ocrx_word' id='word_1_125' title='bbox 666 1768 807 1846; x_wconf 85' lang='lat' dir='ltr'>cogitans</span> <span class='ocrx_word' id='word_1_126' title='bbox 830 1769 913 1828; x_wconf 91' lang='lat' dir='ltr'>etin</span> <span class='ocrx_word' id='word_1_127' title='bbox 937 1767 1086 1848; x_wconf 91' lang='lat' dir='ltr'>pontibus</span> <span class='ocrx_word' id='word_1_128' title='bbox 1109 1767 1297 1846; x_wconf 90' lang='lat' dir='ltr'>quibusdam</span> <span class='ocrx_word' id='word_1_129' title='bbox 1324 1787 1382 1846; x_wconf 90' lang='lat' dir='ltr'>pro</span> <span class='ocrx_word' id='word_1_130' title='bbox 1407 1765 1519 1827; x_wconf 90' lang='lat' dir='ltr'>transitu</span> 
     </span>
     <span class='ocr_line' id='line_1_15' title="bbox 313 1872 1594 1953; baseline -0.004 -20"><span class='ocrx_word' id='word_1_131' title='bbox 313 1873 387 1933; x_wconf 90' lang='lat' dir='ltr'>dari.</span> <span class='ocrx_word' id='word_1_132' title='bbox 418 1873 523 1953; x_wconf 90' lang='lat' dir='ltr'>itaque</span> <span class='ocrx_word' id='word_1_133' title='bbox 539 1872 580 1932; x_wconf 93' lang='lat' dir='ltr'>illi</span> <span class='ocrx_word' id='word_1_134' title='bbox 595 1893 731 1953; x_wconf 91' lang='lat' dir='ltr'>quoque,</span> <span class='ocrx_word' id='word_1_135' title='bbox 747 1875 886 1953; x_wconf 87' lang='lat' dir='ltr'>quisquis</span> <span class='ocrx_word' id='word_1_136' title='bbox 903 1875 969 1946; x_wconf 89' lang='lat' dir='ltr'>erit,</span> <span class='ocrx_word' id='word_1_137' title='bbox 991 1875 1042 1952; x_wconf 92' lang='lat' dir='ltr'>qui</span> <span class='ocrx_word' id='word_1_138' title='bbox 1059 1873 1121 1934; x_wconf 92' lang='lat' dir='ltr'>hoc</span> <span class='ocrx_word' id='word_1_139' title='bbox 1137 1873 1361 1934; x_wconf 89' lang='lat' dir='ltr'>salutationum</span> <span class='ocrx_word' id='word_1_140' title='bbox 1377 1872 1519 1953; x_wconf 89' lang='lat' dir='ltr'>publicum</span> <span class='ocrx_word' id='word_1_141' title='bbox 1593 1939 1594 1946; x_wconf 8' lang='grc' dir='ltr'>ἵ</span> 
     </span>
    </p>

    <p class='ocr_par' dir='ltr' id='par_1_5' title="bbox 276 1977 1545 2486">
     <span class='ocr_line' id='line_1_16' title="bbox 276 1977 1520 2059; baseline 0 -23"><span class='ocrx_word' id='word_1_142' title='bbox 276 1999 298 2036; x_wconf 77' lang='lat' dir='ltr'>rs</span> <span class='ocrx_word' id='word_1_143' title='bbox 314 1987 475 2052; x_wconf 88' lang='lat' dir='ltr'>exerceat,</span> <span class='ocrx_word' id='word_1_144' title='bbox 506 1979 644 2041; x_wconf 82' lang='lat' dir='ltr'>donabit</span> <span class='ocrx_word' id='word_1_145' title='bbox 691 1980 748 2040; x_wconf 88' lang='lat' dir='ltr'>scit</span> <span class='ocrx_word' id='word_1_146' title='bbox 780 1981 841 2041; x_wconf 92' lang='lat' dir='ltr'>emi</span> <span class='ocrx_word' id='word_1_147' title='bbox 865 1979 966 2041; x_wconf 90' lang='lat' dir='ltr'>solere</span> <span class='ocrx_word' id='word_1_148' title='bbox 991 1979 1119 2040; x_wconf 86' lang='lat' dir='ltr'>uenalia.</span> <span class='ocrx_word' id='word_1_149' title='bbox 1165 1977 1215 2040; x_wconf 91' lang='lat' dir='ltr'>ille</span> <span class='ocrx_word' id='word_1_150' title='bbox 1239 1978 1340 2059; x_wconf 92' lang='lat' dir='ltr'>pusilli</span> <span class='ocrx_word' id='word_1_151' title='bbox 1363 1979 1454 2038; x_wconf 91' lang='lat' dir='ltr'>animi</span> <span class='ocrx_word' id='word_1_152' title='bbox 1475 1987 1520 2048; x_wconf 89' lang='lat' dir='ltr'>est,</span> 
     </span>
     <span class='ocr_line' id='line_1_17' title="bbox 312 2081 1521 2167; baseline -0.003 -21"><span class='ocrx_word' id='word_1_153' title='bbox 312 2086 364 2167; x_wconf 94' lang='lat' dir='ltr'>qui</span> <span class='ocrx_word' id='word_1_154' title='bbox 394 2085 452 2146; x_wconf 91' lang='lat' dir='ltr'>sibi</span> <span class='ocrx_word' id='word_1_155' title='bbox 481 2086 596 2165; x_wconf 88' lang='lat' dir='ltr'>placet,</span> <span class='ocrx_word' id='word_1_156' title='bbox 627 2081 715 2165; x_wconf 89' lang='lat' dir='ltr'>quod</span> <span class='ocrx_word' id='word_1_157' title='bbox 740 2087 867 2147; x_wconf 88' lang='lat' dir='ltr'>ostiario</span> <span class='ocrx_word' id='word_1_158' title='bbox 890 2085 987 2147; x_wconf 88' lang='lat' dir='ltr'>libere</span> <span class='ocrx_word' id='word_1_159' title='bbox 1011 2085 1187 2166; x_wconf 88' lang='lat' dir='ltr'>respondit,</span> <span class='ocrx_word' id='word_1_160' title='bbox 1216 2087 1304 2165; x_wconf 93' lang='lat' dir='ltr'>quod</span> <span class='ocrx_word' id='word_1_161' title='bbox 1329 2087 1447 2164; x_wconf 86' lang='lat' dir='ltr'>uirgam</span> <span class='ocrx_word' id='word_1_162' title='bbox 1469 2085 1521 2144; x_wconf 88' lang='lat' dir='ltr'>eius</span> 
     </span>
     <span class='ocr_line' id='line_1_18' title="bbox 312 2190 1519 2273; baseline -0.002 -20"><span class='ocrx_word' id='word_1_163' title='bbox 312 2193 416 2272; x_wconf 87' lang='lat' dir='ltr'>fregit,</span> <span class='ocrx_word' id='word_1_164' title='bbox 447 2193 535 2271; x_wconf 93' lang='lat' dir='ltr'>quod</span> <span class='ocrx_word' id='word_1_165' title='bbox 567 2194 608 2253; x_wconf 83' lang='lat' dir='ltr'>ad</span> <span class='ocrx_word' id='word_1_166' title='bbox 641 2192 805 2254; x_wconf 92' lang='lat' dir='ltr'>dominum</span> <span class='ocrx_word' id='word_1_167' title='bbox 830 2193 959 2254; x_wconf 89' lang='lat' dir='ltr'>accessit</span> <span class='ocrx_word' id='word_1_168' title='bbox 984 2201 1015 2254; x_wconf 94' lang='lat' dir='ltr'>et</span> <span class='ocrx_word' id='word_1_169' title='bbox 1039 2193 1128 2273; x_wconf 90' lang='lat' dir='ltr'>petiit</span> <span class='ocrx_word' id='word_1_170' title='bbox 1151 2193 1279 2254; x_wconf 93' lang='lat' dir='ltr'>corium.</span> <span class='ocrx_word' id='word_1_171' title='bbox 1326 2190 1399 2252; x_wconf 85' lang='lat' dir='ltr'>facit</span> <span class='ocrx_word' id='word_1_172' title='bbox 1420 2211 1454 2251; x_wconf 94' lang='lat' dir='ltr'>se</span> <span class='ocrx_word' id='word_1_173' title='bbox 1475 2190 1519 2250; x_wconf 89' lang='lat' dir='ltr'>ad-</span> 
     </span>
     <span class='ocr_line' id='line_1_19' title="bbox 315 2296 1545 2380; baseline -0.003 -22"><span class='ocrx_word' id='word_1_174' title='bbox 315 2299 484 2360; x_wconf 88' lang='lat' dir='ltr'>uersarium</span> <span class='ocrx_word' id='word_1_175' title='bbox 510 2299 562 2378; x_wconf 92' lang='lat' dir='ltr'>qui</span> <span class='ocrx_word' id='word_1_176' title='bbox 586 2299 756 2374; x_wconf 87' lang='lat' dir='ltr'>contendit,</span> <span class='ocrx_word' id='word_1_177' title='bbox 780 2309 812 2360; x_wconf 90' lang='lat' dir='ltr'>et</span> <span class='ocrx_word' id='word_1_178' title='bbox 833 2308 867 2359; x_wconf 93' lang='lat' dir='ltr'>ut</span> <span class='ocrx_word' id='word_1_179' title='bbox 887 2300 1000 2374; x_wconf 88' lang='lat' dir='ltr'>uincat,</span> <span class='ocrx_word' id='word_1_180' title='bbox 1024 2320 1080 2380; x_wconf 89' lang='lat' dir='ltr'>par</span> <span class='ocrx_word' id='word_1_181' title='bbox 1101 2298 1164 2360; x_wconf 89' lang='lat' dir='ltr'>luit.</span> <span class='ocrx_word' id='word_1_182' title='bbox 1211 2307 1243 2359; x_wconf 90' lang='lat' dir='ltr'>at</span> <span class='ocrx_word' id='word_1_183' title='bbox 1259 2299 1383 2379; x_wconf 88' lang='lat' dir='ltr'>sapiens</span> <span class='ocrx_word' id='word_1_184' title='bbox 1399 2296 1519 2377; x_wconf 90' lang='lat' dir='ltr'>colapho</span> <span class='ocrx_word' id='word_1_185' title='bbox 1535 2303 1545 2352; x_wconf 81' lang='lat' dir='ltr'>l</span> 
     </span>
     <span class='ocr_line' id='line_1_20' title="bbox 312 2403 1519 2486; baseline -0.004 -21"><span class='ocrx_word' id='word_1_186' title='bbox 312 2425 477 2486; x_wconf 92' lang='lat' dir='ltr'>percussus</span> <span class='ocrx_word' id='word_1_187' title='bbox 508 2406 583 2484; x_wconf 91' lang='lat' dir='ltr'>quid</span> <span class='ocrx_word' id='word_1_188' title='bbox 616 2405 724 2467; x_wconf 88' lang='lat' dir='ltr'>saciet?</span> <span class='ocrx_word' id='word_1_189' title='bbox 771 2407 859 2486; x_wconf 94' lang='lat' dir='ltr'>quod</span> <span class='ocrx_word' id='word_1_190' title='bbox 883 2404 978 2475; x_wconf 82' lang='lat' dir='ltr'>Cato,</span> <span class='ocrx_word' id='word_1_191' title='bbox 1008 2426 1079 2468; x_wconf 91' lang='lat' dir='ltr'>cum</span> <span class='ocrx_word' id='word_1_192' title='bbox 1104 2403 1143 2466; x_wconf 92' lang='lat' dir='ltr'>illi</span> <span class='ocrx_word' id='word_1_193' title='bbox 1167 2425 1204 2465; x_wconf 86' lang='lat' dir='ltr'>os</span> <span class='ocrx_word' id='word_1_194' title='bbox 1228 2425 1409 2484; x_wconf 84' lang='lat' dir='ltr'>percussum</span> <span class='ocrx_word' id='word_1_195' title='bbox 1434 2411 1519 2464; x_wconf 88' lang='lat' dir='ltr'>esset:</span> 
     </span>
    </p>

    <p class='ocr_par' dir='ltr' id='par_1_6' title="bbox 272 2508 1596 3020">
     <span class='ocr_line' id='line_1_21' title="bbox 272 2508 1522 2590; baseline -0.004 -19"><span class='ocrx_word' id='word_1_196' title='bbox 272 2532 376 2572; x_wconf 76' lang='lat' dir='ltr'>annon</span> <span class='ocrx_word' id='word_1_197' title='bbox 401 2511 592 2586; x_wconf 90' lang='lat' dir='ltr'>excanduit,</span> <span class='ocrx_word' id='word_1_198' title='bbox 624 2533 688 2573; x_wconf 93' lang='lat' dir='ltr'>non</span> <span class='ocrx_word' id='word_1_199' title='bbox 719 2513 886 2574; x_wconf 88' lang='lat' dir='ltr'>uindicauit</span> <span class='ocrx_word' id='word_1_200' title='bbox 910 2513 1066 2586; x_wconf 89' lang='lat' dir='ltr'>iniuriam,</span> <span class='ocrx_word' id='word_1_201' title='bbox 1098 2532 1138 2573; x_wconf 92' lang='lat' dir='ltr'>ne</span> <span class='ocrx_word' id='word_1_202' title='bbox 1162 2512 1279 2573; x_wconf 88' lang='lat' dir='ltr'>remisit</span> <span class='ocrx_word' id='word_1_203' title='bbox 1304 2513 1446 2590; x_wconf 91' lang='lat' dir='ltr'>quidem,</span> <span class='ocrx_word' id='word_1_204' title='bbox 1475 2508 1522 2570; x_wconf 89' lang='lat' dir='ltr'>sed</span> 
     </span>
     <span class='ocr_line' id='line_1_22' title="bbox 312 2618 1545 2699; baseline -0.006 -21"><span class='ocrx_word' id='word_1_205' title='bbox 312 2618 427 2679; x_wconf 86' lang='lat' dir='ltr'>laetam</span> <span class='ocrx_word' id='word_1_206' title='bbox 451 2619 595 2698; x_wconf 83' lang='lat' dir='ltr'>negauit:</span> <span class='ocrx_word' id='word_1_207' title='bbox 628 2621 746 2680; x_wconf 90' lang='lat' dir='ltr'>maiore</span> <span class='ocrx_word' id='word_1_208' title='bbox 770 2620 876 2680; x_wconf 88' lang='lat' dir='ltr'>animo</span> <span class='ocrx_word' id='word_1_209' title='bbox 902 2638 965 2679; x_wconf 93' lang='lat' dir='ltr'>non</span> <span class='ocrx_word' id='word_1_210' title='bbox 982 2619 1112 2699; x_wconf 86' lang='lat' dir='ltr'>agnouit</span> <span class='ocrx_word' id='word_1_211' title='bbox 1127 2638 1223 2698; x_wconf 91' lang='lat' dir='ltr'>quarn</span> <span class='ocrx_word' id='word_1_212' title='bbox 1244 2618 1424 2698; x_wconf 80' lang='lat' dir='ltr'>ignouisset.</span> <span class='ocrx_word' id='word_1_213' title='bbox 1467 2621 1545 2675; x_wconf 88' lang='lat' dir='ltr'>nonl</span> 
     </span>
     <span class='ocr_line' id='line_1_23' title="bbox 313 2723 1521 2805; baseline -0.003 -19"><span class='ocrx_word' id='word_1_214' title='bbox 313 2726 366 2786; x_wconf 93' lang='lat' dir='ltr'>diu</span> <span class='ocrx_word' id='word_1_215' title='bbox 397 2726 428 2786; x_wconf 95' lang='lat' dir='ltr'>in</span> <span class='ocrx_word' id='word_1_216' title='bbox 459 2724 520 2788; x_wconf 92' lang='lat' dir='ltr'>hoc</span> <span class='ocrx_word' id='word_1_217' title='bbox 544 2724 761 2786; x_wconf 84' lang='lat' dir='ltr'>haerebimus:</span> <span class='ocrx_word' id='word_1_218' title='bbox 802 2726 871 2805; x_wconf 90' lang='lat' dir='ltr'>quis</span> <span class='ocrx_word' id='word_1_219' title='bbox 894 2726 977 2786; x_wconf 88' lang='lat' dir='ltr'>enim</span> <span class='ocrx_word' id='word_1_220' title='bbox 1001 2726 1101 2786; x_wconf 89' lang='lat' dir='ltr'>nescit</span> <span class='ocrx_word' id='word_1_221' title='bbox 1124 2724 1196 2786; x_wconf 93' lang='lat' dir='ltr'>nihil</span> <span class='ocrx_word' id='word_1_222' title='bbox 1221 2745 1263 2785; x_wconf 87' lang='lat' dir='ltr'>ex</span> <span class='ocrx_word' id='word_1_223' title='bbox 1286 2723 1343 2798; x_wconf 86' lang='lat' dir='ltr'>his,</span> <span class='ocrx_word' id='word_1_224' title='bbox 1367 2743 1445 2804; x_wconf 89' lang='lat' dir='ltr'>quae</span> <span class='ocrx_word' id='word_1_225' title='bbox 1468 2741 1521 2782; x_wconf 90' lang='lat' dir='ltr'>cre·</span> 
     </span>
     <span class='ocr_line' id='line_1_24' title="bbox 313 2821 1596 2912; baseline -0.005 -19"><span class='ocrx_word' id='word_1_226' title='bbox 313 2834 429 2893; x_wconf 89' lang='lat' dir='ltr'>duntur</span> <span class='ocrx_word' id='word_1_227' title='bbox 453 2831 537 2894; x_wconf 85' lang='lat' dir='ltr'>mala</span> <span class='ocrx_word' id='word_1_228' title='bbox 560 2842 614 2894; x_wconf 88' lang='lat' dir='ltr'>aut</span> <span class='ocrx_word' id='word_1_229' title='bbox 637 2836 729 2906; x_wconf 90' lang='lat' dir='ltr'>bona,</span> <span class='ocrx_word' id='word_1_230' title='bbox 754 2833 796 2894; x_wconf 81' lang='lat' dir='ltr'>ita</span> <span class='ocrx_word' id='word_1_231' title='bbox 819 2832 918 2893; x_wconf 92' lang='lat' dir='ltr'>uideri</span> <span class='ocrx_word' id='word_1_232' title='bbox 933 2833 1064 2912; x_wconf 88' lang='lat' dir='ltr'>sapienti</span> <span class='ocrx_word' id='word_1_233' title='bbox 1080 2841 1113 2892; x_wconf 93' lang='lat' dir='ltr'>ut</span> <span class='ocrx_word' id='word_1_234' title='bbox 1129 2830 1294 2892; x_wconf 85' lang='lat' dir='ltr'>omnibus?</span> <span class='ocrx_word' id='word_1_235' title='bbox 1325 2839 1392 2891; x_wconf 77' lang='lat' dir='ltr'>non·</span> <span class='ocrx_word' id='word_1_236' title='bbox 1406 2828 1523 2908; x_wconf 85' lang='lat' dir='ltr'>respicit,</span> <span class='ocrx_word' id='word_1_237' title='bbox 1595 2821 1596 2844; x_wconf 73' lang='lat'><em>³</em></span> 
     </span>
     <span class='ocr_line' id='line_1_25' title="bbox 314 2933 1524 3020; baseline -0.006 -21"><span class='ocrx_word' id='word_1_238' title='bbox 314 2939 389 3018; x_wconf 93' lang='lat' dir='ltr'>quid</span> <span class='ocrx_word' id='word_1_239' title='bbox 413 2959 524 3000; x_wconf 91' lang='lat' dir='ltr'>omnes</span> <span class='ocrx_word' id='word_1_240' title='bbox 548 2949 639 3020; x_wconf 87' lang='lat' dir='ltr'>turpe</span> <span class='ocrx_word' id='word_1_241' title='bbox 662 2939 798 3000; x_wconf 92' lang='lat' dir='ltr'>iudicent</span> <span class='ocrx_word' id='word_1_242' title='bbox 822 2947 875 2999; x_wconf 88' lang='lat' dir='ltr'>aut</span> <span class='ocrx_word' id='word_1_243' title='bbox 899 2939 1056 3000; x_wconf 86' lang='lat' dir='ltr'>miserum.</span> <span class='ocrx_word' id='word_1_244' title='bbox 1102 2958 1166 2999; x_wconf 93' lang='lat' dir='ltr'>non</span> <span class='ocrx_word' id='word_1_245' title='bbox 1189 2939 1213 2998; x_wconf 92' lang='lat' dir='ltr'>it</span> <span class='ocrx_word' id='word_1_246' title='bbox 1236 2957 1299 3016; x_wconf 89' lang='lat' dir='ltr'>qua</span> <span class='ocrx_word' id='word_1_247' title='bbox 1314 2935 1453 3018; x_wconf 89' lang='lat' dir='ltr'>populus,</span> <span class='ocrx_word' id='word_1_248' title='bbox 1475 2933 1524 2994; x_wconf 88' lang='lat' dir='ltr'>sed</span> 
     </span>
    </p>

    <p class='ocr_par' dir='ltr' id='par_1_7' title="bbox 273 3042 1523 3213">
     <span class='ocr_line' id='line_1_26' title="bbox 273 3042 1523 3124; baseline -0.003 -22"><span class='ocrx_word' id='word_1_249' title='bbox 273 3063 297 3102; x_wconf 70' lang='lat' dir='ltr'>aa</span> <span class='ocrx_word' id='word_1_250' title='bbox 313 3053 348 3105; x_wconf 89' lang='lat' dir='ltr'>ut</span> <span class='ocrx_word' id='word_1_251' title='bbox 363 3046 467 3105; x_wconf 90' lang='lat' dir='ltr'>sidera</span> <span class='ocrx_word' id='word_1_252' title='bbox 483 3047 671 3106; x_wconf 88' lang='lat' dir='ltr'>contrarium</span> <span class='ocrx_word' id='word_1_253' title='bbox 689 3047 809 3106; x_wconf 92' lang='lat' dir='ltr'>mundo</span> <span class='ocrx_word' id='word_1_254' title='bbox 826 3046 884 3106; x_wconf 89' lang='lat' dir='ltr'>iter</span> <span class='ocrx_word' id='word_1_255' title='bbox 900 3046 1074 3118; x_wconf 88' lang='lat' dir='ltr'>intendunt,</span> <span class='ocrx_word' id='word_1_256' title='bbox 1090 3046 1132 3105; x_wconf 88' lang='lat' dir='ltr'>ita</span> <span class='ocrx_word' id='word_1_257' title='bbox 1140 3044 1190 3104; x_wconf 91' lang='lat' dir='ltr'>hic</span> <span class='ocrx_word' id='word_1_258' title='bbox 1199 3045 1350 3105; x_wconf 87' lang='lat' dir='ltr'>aduersus</span> <span class='ocrx_word' id='word_1_259' title='bbox 1359 3042 1523 3124; x_wconf 90' lang='lat' dir='ltr'>opinionem</span> 
     </span>
     <span class='ocr_line' id='line_1_27' title="bbox 314 3151 1052 3213; baseline 0.007 -3"><span class='ocrx_word' id='word_1_260' title='bbox 314 3151 454 3212; x_wconf 91' lang='lat' dir='ltr'>omnium</span> <span class='ocrx_word' id='word_1_261' title='bbox 479 3153 572 3213; x_wconf 91' lang='lat' dir='ltr'>uadit.</span> <span class='ocrx_word' id='word_1_262' title='bbox 1050 3165 1052 3169; x_wconf 81' lang='grc'>’</span> 
     </span>
    </p>

    <p class='ocr_par' dir='ltr' id='par_1_8' title="bbox 313 3253 1546 3552">
     <span class='ocr_line' id='line_1_28' title="bbox 404 3253 1546 3338; baseline -0.008 -20"><span class='ocrx_word' id='word_1_263' title='bbox 404 3257 477 3318; x_wconf 88' lang='lat' dir='ltr'>XV.</span> <span class='ocrx_word' id='word_1_264' title='bbox 509 3258 649 3319; x_wconf 89' lang='lat' dir='ltr'>Desinite</span> <span class='ocrx_word' id='word_1_265' title='bbox 681 3259 785 3338; x_wconf 87' lang='lat' dir='ltr'>itaque</span> <span class='ocrx_word' id='word_1_266' title='bbox 816 3259 935 3319; x_wconf 89' lang='lat' dir='ltr'>dicere:</span> <span class='ocrx_word' id='word_1_267' title='bbox 977 3278 1041 3318; x_wconf 91' lang='lat' dir='ltr'>non</span> <span class='ocrx_word' id='word_1_268' title='bbox 1072 3258 1202 3338; x_wconf 89' lang='lat' dir='ltr'>accipiet</span> <span class='ocrx_word' id='word_1_269' title='bbox 1233 3278 1311 3337; x_wconf 81' lang='lat' dir='ltr'>ergo</span> <span class='ocrx_word' id='word_1_270' title='bbox 1329 3256 1462 3337; x_wconf 71' lang='lat' dir='ltr'>‘sapiens</span> <span class='ocrx_word' id='word_1_271' title='bbox 1487 3253 1546 3311; x_wconf 81' lang='lat' dir='ltr'>inl</span> 
     </span>
     <span class='ocr_line' id='line_1_29' title="bbox 317 3359 1523 3443; baseline -0.005 -20"><span class='ocrx_word' id='word_1_272' title='bbox 317 3363 437 3438; x_wconf 90' lang='lat' dir='ltr'>iuriam,</span> <span class='ocrx_word' id='word_1_273' title='bbox 461 3365 485 3424; x_wconf 93' lang='lat' dir='ltr'>si</span> <span class='ocrx_word' id='word_1_274' title='bbox 502 3364 658 3439; x_wconf 88' lang='lat' dir='ltr'>caedetur,</span> <span class='ocrx_word' id='word_1_275' title='bbox 682 3365 707 3426; x_wconf 91' lang='lat' dir='ltr'>si</span> <span class='ocrx_word' id='word_1_276' title='bbox 723 3364 833 3425; x_wconf 91' lang='lat' dir='ltr'>oculus</span> <span class='ocrx_word' id='word_1_277' title='bbox 848 3362 888 3425; x_wconf 94' lang='lat' dir='ltr'>illi</span> <span class='ocrx_word' id='word_1_278' title='bbox 905 3368 1047 3425; x_wconf 86' lang='lat' dir='ltr'>eruetur?</span> <span class='ocrx_word' id='word_1_279' title='bbox 1079 3384 1144 3424; x_wconf 94' lang='lat' dir='ltr'>non</span> <span class='ocrx_word' id='word_1_280' title='bbox 1160 3365 1291 3443; x_wconf 91' lang='lat' dir='ltr'>accipiet</span> <span class='ocrx_word' id='word_1_281' title='bbox 1308 3359 1523 3436; x_wconf 86' lang='lat' dir='ltr'>contumeliam,</span> 
     </span>
     <span class='ocr_line' id='line_1_30' title="bbox 313 3464 1521 3552; baseline -0.005 -23"><span class='ocrx_word' id='word_1_282' title='bbox 313 3470 338 3530; x_wconf 92' lang='lat' dir='ltr'>si</span> <span class='ocrx_word' id='word_1_283' title='bbox 362 3470 572 3532; x_wconf 90' lang='lat' dir='ltr'>obscenorum</span> <span class='ocrx_word' id='word_1_284' title='bbox 597 3470 727 3533; x_wconf 88' lang='lat' dir='ltr'>uocibus</span> <span class='ocrx_word' id='word_1_285' title='bbox 755 3471 895 3552; x_wconf 89' lang='lat' dir='ltr'>inprobis</span> <span class='ocrx_word' id='word_1_286' title='bbox 919 3491 974 3551; x_wconf 93' lang='lat' dir='ltr'>per</span> <span class='ocrx_word' id='word_1_287' title='bbox 999 3468 1101 3532; x_wconf 89' lang='lat' dir='ltr'>lorum</span> <span class='ocrx_word' id='word_1_288' title='bbox 1125 3473 1252 3550; x_wconf 81' lang='lat' dir='ltr'>agetur?</span> <span class='ocrx_word' id='word_1_289' title='bbox 1290 3471 1315 3530; x_wconf 93' lang='lat' dir='ltr'>si</span> <span class='ocrx_word' id='word_1_290' title='bbox 1339 3471 1368 3529; x_wconf 94' lang='lat' dir='ltr'>in</span> <span class='ocrx_word' id='word_1_291' title='bbox 1393 3464 1521 3528; x_wconf 93' lang='lat' dir='ltr'>conuiuio</span> 
     </span>
    </p>
   </div>
   <div class='ocr_carea' id='block_1_3' title="bbox 313 3710 1523 3822">
    <p class='ocr_par' dir='ltr' id='par_1_9' title="bbox 313 3710 1523 3822">
     <span class='ocr_line' id='line_1_31' title="bbox 313 3710 1523 3822; baseline -0.008 -20"><span class='ocrx_word' id='word_1_292' title='bbox 313 3710 440 3802; x_wconf 64' lang='lat' dir='ltr'>‘ihabeail</span> <span class='ocrx_word' id='word_1_293' title='bbox 460 3752 486 3818; x_wconf 83' lang='lat' dir='ltr'>(n</span> <span class='ocrx_word' id='word_1_294' title='bbox 505 3768 538 3805; x_wconf 91' lang='lat' dir='ltr'>m.</span> <span class='ocrx_word' id='word_1_295' title='bbox 555 3751 612 3822; x_wconf 78' lang='lat' dir='ltr'>pr.)</span> <span class='ocrx_word' id='word_1_296' title='bbox 675 3754 764 3822; x_wconf 56' lang='lat' dir='ltr'>huot]</span> <span class='ocrx_word' id='word_1_297' title='bbox 784 3755 850 3816; x_wconf 88' lang='lat' dir='ltr'>quod</span> <span class='ocrx_word' id='word_1_298' title='bbox 931 3752 1084 3816; x_wconf 88' lang='lat' dir='ltr'>iiimpulsos</span> <span class='ocrx_word' id='word_1_299' title='bbox 1155 3731 1246 3800; x_wconf 80' lang='lat' dir='ltr'>ostiarii</span> <span class='ocrx_word' id='word_1_300' title='bbox 1312 3750 1410 3803; x_wconf 73' lang='lat' dir='ltr'>Tinter</span> <span class='ocrx_word' id='word_1_301' title='bbox 1423 3753 1464 3799; x_wconf 88' lang='lat' dir='ltr'>ista</span> <span class='ocrx_word' id='word_1_302' title='bbox 1475 3749 1523 3794; x_wconf 89' lang='lat' dir='ltr'>risus</span> 
     </span>
    </p>
   </div>
   <div class='ocr_carea' id='block_1_4' title="bbox 313 3837 1524 4528">
    <p class='ocr_par' dir='ltr' id='par_1_10' title="bbox 313 3837 1524 4528">
     <span class='ocr_line' id='line_1_32' title="bbox 317 3837 1524 3904; baseline -0.006 -16"><span class='ocrx_word' id='word_1_303' title='bbox 317 3841 438 3889; x_wconf 85' lang='lat' dir='ltr'>tollendus</span> <span class='ocrx_word' id='word_1_304' title='bbox 457 3839 621 3896; x_wconf 80' lang='lat' dir='ltr'>deteriores:</span> <span class='ocrx_word' id='word_1_305' title='bbox 643 3843 704 3890; x_wconf 91' lang='lat' dir='ltr'>risus</span> <span class='ocrx_word' id='word_1_306' title='bbox 723 3843 785 3890; x_wconf 86' lang='lat' dir='ltr'>inter</span> <span class='ocrx_word' id='word_1_307' title='bbox 804 3843 850 3890; x_wconf 84' lang='lat' dir='ltr'>istu</span> <span class='ocrx_word' id='word_1_308' title='bbox 869 3842 929 3890; x_wconf 90' lang='lat' dir='ltr'>risus</span> <span class='ocrx_word' id='word_1_309' title='bbox 949 3842 1089 3890; x_wconf 87' lang='lat' dir='ltr'>tolerandus</span> <span class='ocrx_word' id='word_1_310' title='bbox 1157 3843 1172 3888; x_wconf 76' lang='lat' dir='ltr'>tl</span> <span class='ocrx_word' id='word_1_311' title='bbox 1192 3840 1329 3904; x_wconf 86' lang='lat' dir='ltr'>implendus</span> <span class='ocrx_word' id='word_1_312' title='bbox 1399 3840 1429 3890; x_wconf 80' lang='lat' dir='ltr'>&#39;il</span> <span class='ocrx_word' id='word_1_313' title='bbox 1448 3837 1524 3899; x_wconf 72' lang='lat' dir='ltr'>tanqua</span> 
     </span>
     <span class='ocr_line' id='line_1_33' title="bbox 403 3927 1523 3996; baseline -0.007 -16"><span class='ocrx_word' id='word_1_314' title='bbox 403 3929 436 3980; x_wconf 76' lang='lat'>12</span> <span class='ocrx_word' id='word_1_315' title='bbox 456 3931 596 3994; x_wconf 84' lang='lat' dir='ltr'>impendere</span> <span class='ocrx_word' id='word_1_316' title='bbox 691 3929 719 3980; x_wconf 69' lang='lat' dir='ltr'>li)</span> <span class='ocrx_word' id='word_1_317' title='bbox 740 3931 800 3979; x_wconf 85' lang='lat' dir='ltr'>sciet</span> <span class='ocrx_word' id='word_1_318' title='bbox 818 3928 942 3983; x_wconf 77' lang='lat' dir='ltr'>inmerito</span> <span class='ocrx_word' id='word_1_319' title='bbox 964 3927 1045 3981; x_wconf 76' lang='lat' dir='ltr'>Gertz</span> <span class='ocrx_word' id='word_1_320' title='bbox 1065 3927 1101 3996; x_wconf 54' lang='lat' dir='ltr'>cll</span> <span class='ocrx_word' id='word_1_321' title='bbox 1124 3932 1164 3994; x_wconf 83' lang='lat'>13,</span> <span class='ocrx_word' id='word_1_322' title='bbox 1185 3932 1199 3980; x_wconf 88' lang='lat'>3</span> <span class='ocrx_word' id='word_1_323' title='bbox 1219 3945 1269 3977; x_wconf 91' lang='lat' dir='ltr'>non</span> <span class='ocrx_word' id='word_1_324' title='bbox 1287 3929 1398 3992; x_wconf 84' lang='lat' dir='ltr'>placebit</span> <span class='ocrx_word' id='word_1_325' title='bbox 1416 3927 1523 3976; x_wconf 90' lang='lat' dir='ltr'>sibi...</span> 
     </span>
     <span class='ocr_line' id='line_1_34' title="bbox 313 4015 1524 4084; baseline -0.002 -18"><span class='ocrx_word' id='word_1_326' title='bbox 313 4020 367 4074; x_wconf 84' lang='lat' dir='ltr'>scit;</span> <span class='ocrx_word' id='word_1_327' title='bbox 388 4035 439 4065; x_wconf 91' lang='lat' dir='ltr'>non</span> <span class='ocrx_word' id='word_1_328' title='bbox 457 4025 567 4082; x_wconf 84' lang='lat' dir='ltr'>tangetur</span> <span class='ocrx_word' id='word_1_329' title='bbox 586 4059 634 4070; x_wconf 88' lang='grc'>,.,</span> <span class='ocrx_word' id='word_1_330' title='bbox 655 4019 700 4066; x_wconf 89' lang='lat' dir='ltr'>scit</span> <span class='ocrx_word' id='word_1_331' title='bbox 790 4021 837 4068; x_wconf 91' lang='lat' dir='ltr'>emi</span> <span class='ocrx_word' id='word_1_332' title='bbox 857 4020 935 4067; x_wconf 87' lang='lat' dir='ltr'>solere</span> <span class='ocrx_word' id='word_1_333' title='bbox 954 4017 1046 4072; x_wconf 76' lang='lat' dir='ltr'>Koch:</span> <span class='ocrx_word' id='word_1_334' title='bbox 1066 4035 1147 4067; x_wconf 91' lang='lat' dir='ltr'>emere</span> <span class='ocrx_word' id='word_1_335' title='bbox 1167 4019 1218 4084; x_wconf 89' lang='lat' dir='ltr'>(me</span> <span class='ocrx_word' id='word_1_336' title='bbox 1236 4017 1262 4068; x_wconf 83' lang='lat' dir='ltr'>in</span> <span class='ocrx_word' id='word_1_337' title='bbox 1282 4019 1350 4082; x_wconf 79' lang='lat' dir='ltr'>ras.)</span> <span class='ocrx_word' id='word_1_338' title='bbox 1384 4015 1443 4068; x_wconf 86' lang='lat' dir='ltr'>Non</span> <span class='ocrx_word' id='word_1_339' title='bbox 1456 4025 1524 4083; x_wconf 74' lang='lat' dir='ltr'>pecu.</span> 
     </span>
     <span class='ocr_line' id='line_1_35' title="bbox 313 4101 1524 4175; baseline -0.005 -17"><span class='ocrx_word' id='word_1_340' title='bbox 313 4104 390 4159; x_wconf 83' lang='lat' dir='ltr'>liaris</span> <span class='ocrx_word' id='word_1_341' title='bbox 409 4105 544 4174; x_wconf 72' lang='lat' dir='ltr'>quinceium</span> <span class='ocrx_word' id='word_1_342' title='bbox 563 4104 670 4159; x_wconf 81' lang='lat' dir='ltr'>emendi</span> <span class='ocrx_word' id='word_1_343' title='bbox 686 4122 732 4159; x_wconf 85' lang='lat' dir='ltr'>res</span> <span class='ocrx_word' id='word_1_344' title='bbox 753 4107 863 4160; x_wconf 83' lang='lat' dir='ltr'>uenales</span> <span class='ocrx_word' id='word_1_345' title='bbox 883 4106 994 4159; x_wconf 84' lang='lat' dir='ltr'>scientia</span> <span class='ocrx_word' id='word_1_346' title='bbox 1015 4106 1198 4175; x_wconf 75' lang='lat' dir='ltr'>si&#39;qnifieutur,</span> <span class='ocrx_word' id='word_1_347' title='bbox 1223 4103 1273 4157; x_wconf 84' lang='lat' dir='ltr'>sed</span> <span class='ocrx_word' id='word_1_348' title='bbox 1294 4120 1387 4157; x_wconf 82' lang='lat' dir='ltr'>rerum</span> <span class='ocrx_word' id='word_1_349' title='bbox 1406 4101 1524 4173; x_wconf 71' lang='lat' dir='ltr'>uenalium</span> 
     </span>
     <span class='ocr_line' id='line_1_36' title="bbox 313 4189 1524 4264; baseline -0.005 -19"><span class='ocrx_word' id='word_1_350' title='bbox 313 4195 453 4247; x_wconf 78' lang='lat' dir='ltr'>emtionem</span> <span class='ocrx_word' id='word_1_351' title='bbox 472 4195 558 4248; x_wconf 76' lang='lat' dir='ltr'>carinis</span> <span class='ocrx_word' id='word_1_352' title='bbox 572 4195 696 4264; x_wconf 79' lang='lat' dir='ltr'>permitti</span> <span class='ocrx_word' id='word_1_353' title='bbox 713 4193 795 4264; x_wconf 82' lang='lat' dir='ltr'>idque</span> <span class='ocrx_word' id='word_1_354' title='bbox 813 4195 887 4250; x_wconf 85' lang='lat' dir='ltr'>illum</span> <span class='ocrx_word' id='word_1_355' title='bbox 899 4195 971 4248; x_wconf 80' lang='lat' dir='ltr'>scire</span> <span class='ocrx_word' id='word_1_356' title='bbox 1038 4196 1069 4248; x_wconf 78' lang='lat' dir='ltr'>l&#39;i</span> <span class='ocrx_word' id='word_1_357' title='bbox 1088 4197 1156 4260; x_wconf 85' lang='lat' dir='ltr'>petiit</span> <span class='ocrx_word' id='word_1_358' title='bbox 1170 4193 1225 4246; x_wconf 52' lang='grc' dir='ltr'>Εἰς</span> <span class='ocrx_word' id='word_1_359' title='bbox 1244 4196 1305 4258; x_wconf 88' lang='lat' dir='ltr'>petit</span> <span class='ocrx_word' id='word_1_360' title='bbox 1367 4196 1425 4243; x_wconf 83' lang='lat' dir='ltr'>facit</span> <span class='ocrx_word' id='word_1_361' title='bbox 1442 4189 1524 4244; x_wconf 65' lang='lat' dir='ltr'>omisa</span> 
     </span>
     <span class='ocr_line' id='line_1_37' title="bbox 313 4273 1524 4353; baseline -0.002 -23"><span class='ocrx_word' id='word_1_362' title='bbox 313 4299 338 4331; x_wconf 90' lang='lat' dir='ltr'>se</span> <span class='ocrx_word' id='word_1_363' title='bbox 357 4286 523 4334; x_wconf 88' lang='lat' dir='ltr'>aduersarium</span> <span class='ocrx_word' id='word_1_364' title='bbox 548 4281 600 4336; x_wconf 80' lang='lat' dir='ltr'>sed</span> <span class='ocrx_word' id='word_1_365' title='bbox 618 4282 645 4335; x_wconf 81' lang='lat' dir='ltr'>in</span> <span class='ocrx_word' id='word_1_366' title='bbox 669 4283 791 4353; x_wconf 73' lang='lat' dir='ltr'>marqine</span> <span class='ocrx_word' id='word_1_367' title='bbox 815 4287 873 4334; x_wconf 89' lang='lat' dir='ltr'>facit</span> <span class='ocrx_word' id='word_1_368' title='bbox 897 4301 922 4334; x_wconf 91' lang='lat' dir='ltr'>se</span> <span class='ocrx_word' id='word_1_369' title='bbox 942 4286 1086 4335; x_wconf 69' lang='lat' dir='ltr'>aduersarii]</span> <span class='ocrx_word' id='word_1_370' title='bbox 1105 4301 1139 4341; x_wconf 77' lang='lat' dir='ltr'>m,</span> <span class='ocrx_word' id='word_1_371' title='bbox 1158 4282 1205 4335; x_wconf 81' lang='lat' dir='ltr'>all.</span> <span class='ocrx_word' id='word_1_372' title='bbox 1300 4283 1331 4334; x_wconf 68' lang='lat' dir='ltr'>lu</span> <span class='ocrx_word' id='word_1_373' title='bbox 1351 4285 1457 4347; x_wconf 88' lang='lat' dir='ltr'>colapho</span> <span class='ocrx_word' id='word_1_374' title='bbox 1475 4273 1524 4330; x_wconf 80' lang='lat' dir='ltr'>cod.</span> 
     </span>
     <span class='ocr_line' id='line_1_38' title="bbox 313 4363 1450 4442; baseline 0.001 -24"><span class='ocrx_word' id='word_1_375' title='bbox 313 4372 426 4435; x_wconf 89' lang='lat' dir='ltr'>colaphis</span> <span class='ocrx_word' id='word_1_376' title='bbox 445 4371 527 4442; x_wconf 55' lang='lat' dir='ltr'>uuiso</span> <span class='ocrx_word' id='word_1_377' title='bbox 614 4371 645 4424; x_wconf 79' lang='lat'>19</span> <span class='ocrx_word' id='word_1_378' title='bbox 666 4373 701 4421; x_wconf 91' lang='lat' dir='ltr'>illi</span> <span class='ocrx_word' id='word_1_379' title='bbox 721 4389 749 4421; x_wconf 92' lang='lat' dir='ltr'>os</span> <span class='ocrx_word' id='word_1_380' title='bbox 769 4374 788 4439; x_wconf 89' lang='lat' dir='ltr'>(i</span> <span class='ocrx_word' id='word_1_381' title='bbox 807 4391 834 4423; x_wconf 91' lang='lat' dir='ltr'>os</span> <span class='ocrx_word' id='word_1_382' title='bbox 854 4375 880 4425; x_wconf 85' lang='lat' dir='ltr'>in</span> <span class='ocrx_word' id='word_1_383' title='bbox 900 4376 968 4436; x_wconf 80' lang='lat' dir='ltr'>ras.)</span> <span class='ocrx_word' id='word_1_384' title='bbox 1060 4373 1093 4425; x_wconf 74' lang='lat' dir='ltr'>m</span> <span class='ocrx_word' id='word_1_385' title='bbox 1113 4363 1199 4422; x_wconf 89' lang='lat' dir='ltr'>omnes</span> <span class='ocrx_word' id='word_1_386' title='bbox 1221 4369 1317 4424; x_wconf 75' lang='lat' dir='ltr'>Gertz:</span> <span class='ocrx_word' id='word_1_387' title='bbox 1339 4373 1450 4420; x_wconf 85' lang='lat' dir='ltr'>homines</span> 
     </span>
     <span class='ocr_line' id='line_1_39' title="bbox 313 4460 1524 4528; baseline 0.001 -22"><span class='ocrx_word' id='word_1_388' title='bbox 313 4476 362 4507; x_wconf 90' lang='lat' dir='ltr'>non</span> <span class='ocrx_word' id='word_1_389' title='bbox 381 4463 399 4508; x_wconf 91' lang='lat' dir='ltr'>it</span> <span class='ocrx_word' id='word_1_390' title='bbox 419 4460 579 4515; x_wconf 77' lang='lat' dir='ltr'>deteriores:</span> <span class='ocrx_word' id='word_1_391' title='bbox 600 4465 643 4510; x_wconf 80' lang='lat' dir='ltr'>fiut</span> <span class='ocrx_word' id='word_1_392' title='bbox 662 4461 700 4528; x_wconf 81' lang='lat' dir='ltr'>(in</span> <span class='ocrx_word' id='word_1_393' title='bbox 719 4462 786 4528; x_wconf 79' lang='lat' dir='ltr'>ras.)</span> <span class='ocrx_word' id='word_1_394' title='bbox 854 4463 886 4514; x_wconf 70' lang='lat' dir='ltr'>m</span> <span class='ocrx_word' id='word_1_395' title='bbox 906 4464 994 4525; x_wconf 89' lang='lat' dir='ltr'>sydera</span> <span class='ocrx_word' id='word_1_396' title='bbox 1064 4465 1097 4514; x_wconf 67' lang='grc'>28</span> <span class='ocrx_word' id='word_1_397' title='bbox 1117 4468 1210 4511; x_wconf 90' lang='lat' dir='ltr'>eruetur</span> <span class='ocrx_word' id='word_1_398' title='bbox 1229 4460 1397 4513; x_wconf 83' lang='lat' dir='ltr'>deteriores:</span> <span class='ocrx_word' id='word_1_399' title='bbox 1418 4463 1524 4508; x_wconf 72' lang='lat' dir='ltr'>erueretur</span> 
     </span>
    </p>
   </div>
   <div class='ocr_carea' id='block_1_5' title="bbox 0 0 1622 5336">
    <p class='ocr_par' dir='ltr' id='par_1_11' title="bbox 0 0 1622 5336">
     <span class='ocr_line' id='line_1_40' title="bbox 0 0 1622 5336; baseline 0 0"><span class='ocrx_word' id='word_1_400' title='bbox 0 0 1622 5336; x_wconf 95' lang='lat' dir='ltr'> </span> 
     </span>
    </p>
   </div>
  </div>
 </body>
</html>
