3234 5336
276 280 317 371 2'2
550 305 630 348 nint.
651 304 679 346 11.
702 305 743 344 no
763 301 904 346 sunsuvn
923 301 984 343 uae
1004 301 1147 342 iutvnmn
1168 299 1228 342 nac

275 461 328 514 aut
352 459 472 513 tantam
497 451 591 512 animi
607 450 855 530 magnitudinem
872 449 994 510 cadere.
1025 447 1083 509 sed
1108 447 1154 528 [si]
1180 450 1286 530 prodit
1312 450 1343 510 in
1359 449 1496 511 medium

275 560 328 640 qui
359 559 464 620 dicat:
508 578 572 620 non
603 566 651 618 est
682 557 770 638 quod
801 556 943 630 dubites,
976 575 1016 616 an
1047 553 1192 616 attollere
1222 576 1257 617 se
1286 555 1386 617 homo
1411 566 1526 621 nausa

277 685 370 747 supra
393 665 532 726 humana
554 663 669 745 possit,
701 683 740 724 an
769 661 913 736 doloreS,
945 663 1078 734 damna,
1110 660 1333 734 ulcerationes‚
1365 660 1499 737 uolnera,

278 793 412 854 magnos
446 779 551 832 motus
582 789 686 831 rerum
719 770 800 830 circa
830 789 865 830 se
896 768 1094 830 frementium
1126 788 1253 830 securus
1287 770 1441 850 adspiciat
1472 780 1500 830 et

250 881 357 943 edura
379 877 502 960 placide
526 876 606 937 serat
629 885 661 938 et
684 876 823 938 secunda
847 877 1027 949 moderate,
1059 894 1118 935 nec
1148 874 1205 936 illis
1233 878 1351 937 cedens
1376 897 1436 937 nec
1458 876 1500 938 his

278 986 389 1055 fretus,
422 1005 500 1044 unus
531 984 680 1065 idemque
711 984 791 1045 inter
821 981 944 1044 diuersa
975 982 1014 1042 sit
1045 1001 1103 1042 nec
1131 982 1299 1063 quicquam
1331 1003 1425 1044 suum
1449 983 1499 1044 nisi

278 1113 312 1154 se
336 1100 426 1175 putet
450 1111 537 1166 esse,
567 1111 602 1152 se
632 1109 759 1170 quoque
790 1109 828 1150 ea
850 1099 956 1170 parte,
989 1109 1052 1170 qua
1075 1088 1186 1150 melior
1218 1099 1285 1150 est:
1319 1110 1358 1150 en
1392 1091 1527 1158 adsumi

278 1198 340 1260 hoc
364 1198 454 1259 uobis
478 1196 675 1278 probaturus
701 1196 760 1258 sub
784 1195 844 1257 isto
867 1205 917 1256 tot
941 1195 1111 1256 ciuitatium
1139 1215 1286 1256 euersore
1310 1198 1500 1276 munimenta

280 1307 404 1367 incussu
428 1305 530 1364 arietis
561 1303 699 1365 labefieri
731 1313 763 1363 et
793 1303 924 1364 turrium
952 1299 1150 1364 altitudinem
1174 1301 1382 1365 cuniculis-ac
1405 1303 1498 1366 laten-

218 1437 264 1476 =10
279 1412 363 1472 tibus
402 1409 491 1471 fossis
531 1418 660 1492 repente
700 1409 844 1470 desidere
883 1417 914 1470 et
945 1417 1151 1489 aequaturum
1192 1409 1379 1471 editissimas
1419 1431 1500 1472 arces

180 1551 183 1556 ·
278 1537 430 1599 aggerem
463 1537 622 1590 crescere,
651 1525 684 1577 at
715 1514 799 1576 nulla
831 1513 1083 1577 machinamenta
1112 1536 1208 1597 posse
1241 1517 1384 1598 reperiri,
1425 1538 1500 1598 quae

279 1625 361 1687 bene
384 1622 547 1684 fundatum
572 1624 709 1684 animum
735 1623 863 1702 agitent.
910 1623 1010 1704 erepsi
1040 1623 1140 1684 modo
1164 1644 1181 1683 e
1204 1624 1297 1684 ruinis
1327 1623 1443 1684 domus
1472 1632 1528 1691 et'n

280 1729 428 1792 incendiis
453 1729 589 1809 undique
613 1727 822 1790 relucentibus
854 1728 999 1789 flammas
1022 1750 1078 1810 per
1102 1730 1285 1809 sanguinem
1310 1729 1383 1810 fugi.
1430 1730 1500 1791 filias

281 1857 368 1899 meas
392 1837 460 1918 quis
485 1855 574 1896 casus
599 1834 723 1908 habeat,
748 1855 787 1895 an
811 1835 899 1916 peior
927 1833 1053 1916 publico
1077 1835 1190 1896 nescio
1237 1835 1322 1897 solus
1347 1845 1379 1897 et
1402 1838 1501 1898 senior

243 1967 265 2007 n
281 1953 313 2006 et
337 1941 463 2005 hostilia
486 1942 567 2002 circa
591 1961 642 2002 me
672 1942 778 2002 omnia
801 1939 910 2001 uidens
941 1951 1048 2002 tamen
1072 1942 1229 2021 integrum
1253 1941 1500 2024 incolumemque

281 2071 351 2113 esse
375 2069 504 2110 censum
528 2068 634 2109 meum
658 2047 828 2128 profiteor:
863 2057 974 2121 tene0‚
1003 2047 1108 2108 habeo
1139 2048 1291 2129 quidquid
1315 2051 1379 2110 mei
1403 2050 1499 2111 habui.

279 2177 343 2219 non
375 2165 424 2218 est
452 2157 538 2236 quod
568 2175 619 2216 me
652 2155 769 2215 uictum
800 2154 1077 2245 uictoremquete
1106 2155 1235 2216 credas:
1278 2156 1350 2217 uicit
1382 2156 1528 2224 fortunas

280 2273 334 2325 tua
358 2263 518 2324 fortunam
543 2281 658 2322 meam.
705 2259 823 2321 caduca
853 2258 903 2320 illa
935 2269 966 2321 et
990 2261 1153 2322 dominum
1178 2263 1330 2324 mutantia
1362 2263 1416 2324 ubi
1444 2264 1499 2324 sint

280 2371 409 2432 nescio:
444 2369 532 2448 quod
564 2369 604 2429 ad
636 2387 686 2428 res
709 2387 798 2429 meas
821 2367 971 2448 pertinet,
996 2387 1120 2428 mecum
1145 2376 1233 2443 sunt,
1257 2389 1382 2430 mecum
1408 2378 1498 2431 erunt.

240 2497 267 2537 20
281 2476 486 2556 perdiderunt
511 2475 559 2535 isti
571 2474 687 2534 diuites
703 2474 899 2554 patrimonia,
924 2471 1078 2534 libidinosi
1094 2494 1220 2535 amores
1241 2494 1315 2536 suos
1340 2484 1372 2536 et
1388 2493 1527 2555 magno?

197 2651 200 2656 ¹
281 2581 413 2661 pudoris
435 2581 583 2661 inpendio
608 2579 722 2640 dilecta
744 2588 858 2654 scorta,
882 2579 1039 2640 ambitiosi
1060 2581 1177 2642 curiam
1202 2589 1234 2642 et
1255 2580 1357 2643 sorum
1382 2592 1413 2642 et
1435 2581 1499 2643 loca

206 2699 210 2706 ’
247 2736 249 2740 .
282 2688 468 2749 exercendis
506 2688 536 2747 in
574 2685 700 2768 publico
740 2681 818 2747 uitiis
859 2685 1029 2760 destinata;
1072 2685 1265 2748 feneratores
1302 2689 1499 2768 perdiderunt

281 2793 424 2867 tabellas
447 2793 560 2875 quibus
581 2793 709 2854 auaritia
732 2792 810 2854 salso
825 2792 909 2853 laeta
925 2793 1050 2855 diuitias
1066 2794 1272 2873 imaginatur:
1300 2815 1363 2874 ego
1378 2795 1498 2874 quidem

282 2901 388 2961 omnia
426 2901 548 2980 integra
587 2900 776 2979 inlibataque
806 2898 919 2961 habeo.
977 2901 1109 2982 proinde
1139 2901 1217 2962 istos
1248 2902 1422 2982 interroga,
1449 2901 1498 2980 qui

196 3021 200 3026 ’
244 3031 269 3071 25
284 3005 375 3079 flent,
400 3004 625 3079 lamentantur,
659 3006 711 3086 qui
742 3006 856 3067 strictis
888 3005 998 3086 gladiis
1029 3009 1195 3089 nuda-pro
1219 3007 1352 3090 pecunia
1375 3025 1499 3088 corpora

283 3121 464 3194 opponunt,
503 3113 555 3192 qui
594 3112 720 3173 hostem
760 3120 892 3172 onerato
931 3113 997 3174 sinu
1029 3114 1158 3192 fugiunt.
1220 3134 1297 3194 ergo
1336 3114 1379 3175 ita
1415 3113 1527 3185 habes

283 3217 418 3292 Serene,
461 3218 635 3299 perfectum
676 3218 761 3280 illum
799 3219 915 3293 uirum,
954 3218 1098 3282 humanis
1137 3220 1311 3301 diuinisque
1344 3219 1497 3282 uirtutibus

282 3324 409 3406 plenum
433 3325 506 3386 nihil
529 3327 671 3406 perdere.
718 3325 803 3386 bona
834 3326 899 3386 eius
927 3326 1033 3388 solidis
1064 3335 1096 3388 et
1128 3326 1415 3408 inexuperabilibus
1437 3346 1495 3388 mu-

283 3433 427 3493 nimentis
458 3433 635 3514 praecincta
665 3441 745 3493 sunt.
791 3453 855 3492 non
879 3431 1072 3512 Babylonios
1103 3432 1160 3494 illis
1191 3453 1299 3495 muros
1332 3431 1496 3503 contuleris,

285 3661 299 3712 1
319 3661 362 3709 sed
380 3658 421 3727 [si]
440 3662 523 3725 prodit
541 3657 671 3728 Maduiq:
698 3661 742 3709 sed
760 3662 780 3708 si
799 3661 881 3724 prodit
977 3661 992 3713 3
1012 3663 1112 3710 uulnera
1208 3660 1340 3726 lmotups
1399 3659 1438 3714 De
1453 3659 1497 3712 hoc

284 3765 299 3797 u
317 3745 414 3817 loupae
432 3746 540 3811 indicio,
560 3747 635 3815 quod
646 3747 787 3816 Detlessen
807 3749 834 3800 in
853 3749 940 3818 ipsum
954 3747 1037 3802 Plinii
1055 3755 1160 3804 textum
1178 3749 1297 3812 induaeie,
1311 3739 1354 3818 cf.
1369 3746 1499 3804 Ribbeclrii

285 3834 400 3888 indicem
419 3828 603 3906 Vergilianum
617 3853 646 3906 p.
665 3841 715 3889 449
735 3842 761 3891 et
779 3836 935 3890 Brambacli
958 3836 1086 3908 Orthoqr.
1100 3855 1131 3909 p.
1153 3842 1198 3892 131
1221 3855 1261 3907 sq.
1341 3842 1441 3904 aspiciat

938 3933 945 3964 ι
1232 3943 1236 3951 .

286 3995 404 4059 beedens
477 3995 565 4057 iesse,
580 4013 606 4044 se
619 3993 746 4062 Madtciq:
762 3997 791 4046 ἔε
865 3999 894 4048 'll
917 3981 1015 4065 adnulla
1089 3999 1120 4049 13
1135 3957 1245 4047 incendis
1259 4001 1278 4064 (i
1291 4015 1345 4052 rec.
1360 3995 1496 4068 superseri

376 4082 408 4134 tl
428 4101 459 4132 an
479 4086 548 4148 peior
566 4085 679 4148 publico:
703 4083 821 4137 dedecus
836 4085 987 4155 pudicitiae
1006 4085 1124 4139 uiolatae
1142 4085 1264 4139 indicari
1278 4085 1497 4156 aumentarias

376 4225 408 4277 lo
428 4227 544 4289 quicquid
634 4226 668 4278 20
686 4186 806 4276 libidinos¹
823 4228 841 4294 (i
861 4193 894 4280 in.
909 4228 968 4296 pr.)
1060 4228 1093 4281 21
1114 4230 1240 4294 impendio
1329 4231 1403 4280 dilect
1419 4246 1434 4276 s
1450 4247 1464 4276 a
1482 4243 1494 4270 r

289 4309 326 4374 (in
345 4327 444 4364 rasura
464 4331 479 4362 a
497 4318 578 4362 scorta
597 4306 725 4382 apparel)
817 4315 850 4368 24
870 4316 1011 4381 illibataque
1101 4317 1134 4368 25
1154 4318 1330 4381 lamentantur,
1349 4320 1390 4384 qui
1410 4315 1492 4369 Gertz:

287 4401 328 4462 qui
347 4402 507 4450 lamentantur
573 4435 575 4440 ·
595 4404 628 4454 26
647 4405 712 4452 habe
733 4401 759 4455 ll
764 4406 786 4455 ¹:
807 4406 884 4454 habes
974 4405 1007 4457 28
1027 4408 1152 4455 monisntis
1236 4407 1270 4459 29
1289 4409 1337 4457 illis
1358 4405 1446 4460 Gertz:
1465 4402 1493 4450 illi
