3212 5326
271 331 330 394 108
632 324 752 369 nmnv.
782 323 956 366 oninium.
973 323 1012 366 nr.
1041 327 1124 370 Μ,

266 477 312 536 sic
336 475 446 536 inritus
469 474 588 553 ingenti
611 471 744 552 scopulo
768 470 879 534 fluctus
903 469 1050 534 adsultat.
1097 475 1148 553 qui
1177 491 1242 533 non
1264 473 1422 546 irascitur,
1449 472 1490 532 in-

268 601 438 643 concussus
462 582 568 642 iniuria
591 580 745 660 perstitit,
768 582 820 660 qui
843 581 1001 654 irascitur,
1026 588 1133 641 motus
1157 587 1215 640 est.
1260 587 1292 642 at
1316 578 1376 651 ille,
1401 591 1522 658 queml
1600 635 1601 656 ,

268 689 369 750 modo
402 686 545 749 altiorem
577 688 663 749 omni
694 685 900 748 incommodo
931 685 1037 766 posui,
1067 694 1155 747 tenet
1179 684 1329 765 amplexu
1353 685 1492 765 quodam

270 794 370 856 modo
401 813 560 855 summum
592 793 720 855 bonum.
768 813 826 854 nec
856 791 975 854 homini
1006 799 1147 867 tantum,
1179 791 1234 852 sed
1262 791 1320 873 ipsi
1350 789 1494 852 fortunae

242 902 458 982 arespondet:
501 901 608 961 omnia
639 899 711 961 licet
741 898 851 972 facias,
890 900 993 961 minor
1021 919 1070 973 es,
1102 919 1198 979 quam
1229 907 1263 959 ut
1293 899 1493 960 serenitatem

269 1027 374 1069 meam
398 1006 549 1069 obducas.
596 1014 683 1067 uetat
707 1004 770 1066 hoc
793 1005 882 1081 rati0,
907 1007 963 1068 cui
978 1006 1075 1067 uitam
1099 1006 1273 1086 regendam
1297 1005 1381 1068 dedi.
1429 1003 1495 1085 plus

269 1114 345 1176 mihi
376 1115 518 1175 nocitura
553 1123 602 1176 est
634 1113 678 1175 ira
708 1132 805 1194 quam
838 1113 955 1180 iniuria.
1009 1113 1116 1194 quidni
1147 1112 1233 1194 plus?
1271 1113 1350 1174 illius
1383 1113 1496 1174 modus

269 1229 373 1283 certus
396 1229 460 1282 est:
487 1221 546 1282 ista
569 1238 733 1306 quousque
757 1240 809 1281 me
832 1218 932 1282 latura
955 1221 994 1281 sit
1018 1219 1148 1282 dubium
1173 1229 1229 1282 est.

359 1327 480 1390 XXVI.
516 1328 590 1389 Non
606 1345 746 1408 possum,
761 1327 871 1406 inquis,
886 1328 959 1408 pati.
986 1347 1082 1407 graue
1105 1335 1154 1388 est
1177 1327 1315 1389 iniuriam
1336 1328 1522 1388 sustineret

233 1451 256 1490 ιο
272 1435 420 1497 mentiris
459 1435 527 1515 quis
551 1435 632 1496 enim
664 1433 805 1495 iniuriam
837 1453 901 1494 non
924 1442 1032 1514 potest
1054 1432 1149 1508 ferre,
1182 1437 1234 1515 qui
1266 1441 1374 1516 potest
1404 1435 1495 1495 iram?

269 1542 359 1602 adice
383 1561 465 1602 nunc
488 1543 576 1622 quod
599 1542 632 1602 id
655 1541 731 1620 agiS,
756 1548 790 1600 ut
813 1549 846 1601 et
868 1541 945 1602 iram
971 1539 1051 1602 feras
1075 1550 1107 1602 et
1130 1542 1281 1604 iniuriam.
1318 1560 1420 1621 quare
1439 1538 1497 1600 fers

269 1648 355 1728 aegri
387 1647 506 1709 rabiem
538 1656 571 1708 et
601 1646 772 1728 phrenetici
804 1646 919 1727 uerba?
970 1667 1140 1728 puerorum
1171 1656 1336 1728 proteruas
1367 1649 1495 1708 manus?

271 1773 385 1835 nempe
409 1753 482 1835 quia
505 1754 649 1816 uidentur
672 1754 792 1814 nescire
815 1753 890 1834 quid
914 1752 1045 1815 faciant:
1072 1754 1146 1834 quid
1171 1755 1307 1828 interest,
1332 1773 1399 1834 quo
1417 1755 1494 1834 quis-

215 1921 219 1938 ,
271 1881 333 1941 que
356 1862 440 1922 uitio·
457 1859 512 1921 fiat
535 1833 722 1941 inprudens?
761 1861 979 1940 inprudentiae
1001 1879 1058 1941 par
1080 1861 1111 1921 in
1127 1859 1273 1922 omnibus
1288 1860 1495 1942 patrocinium

234 1987 256 2026 rs
272 1977 327 2028 est.
373 1967 448 2048 quid
480 1969 577 2046 ergo?
608 1966 725 2047 inquis,
755 1967 870 2046 inpune
901 1965 941 2028 illi
972 1967 1046 2028 erit?
1092 1976 1168 2048 puta
1198 1965 1279 2028 uelle
1309 1975 1358 2041 te,
1392 1975 1525 2028 tamen?
1600 1950 1601 1956 ἵ

270 2094 335 2135 non
358 2075 423 2136 erit.
470 2074 612 2135 maxima
635 2081 684 2134 est
707 2074 790 2134 enim
814 2073 916 2136 factae
936 2073 1062 2134 iniuriae
1077 2092 1182 2154 poena
1197 2072 1315 2149 fecisse,
1339 2093 1401 2135 nec
1418 2074 1494 2154 quis-

270 2200 366 2262 quam
397 2181 521 2261 grauius
553 2179 696 2241 adficitur
726 2198 823 2260 quam
847 2179 900 2260 qui
927 2180 970 2240 ad
993 2179 1177 2261 supplicium
1202 2181 1415 2262 paenitentiae
1438 2190 1494 2241 tra-

270 2289 361 2349 ditur.
400 2287 513 2348 deinde
537 2287 578 2348 ad
595 2287 814 2348 condicionem
832 2306 937 2349 rerum
960 2286 1170 2349 humanarum
1192 2288 1426 2369 respiciendum
1443 2295 1525 2360 est,3
1600 2303 1601 2306 ’

271 2401 305 2456 ut
329 2394 470 2456 omnium
502 2393 708 2454 accidentium
740 2395 830 2474 aequi
862 2395 979 2456 iudices
1007 2394 1111 2455 simus,
1158 2393 1280 2475 iniquus
1309 2404 1419 2456 autem
1443 2403 1496 2468 est,

232 2527 257 2568 20
271 2501 324 2582 qui
347 2519 517 2561 commune
540 2501 649 2562 uitium
673 2500 800 2580 singulis
823 2500 940 2562 obicit:
966 2520 1030 2562 non
1055 2510 1103 2562 est
1127 2500 1298 2581 Aethiopis
1321 2503 1402 2562 inter
1426 2521 1497 2562 suos

271 2607 433 2688 insignitus
466 2605 569 2681 color,
600 2626 659 2668 nec
682 2605 766 2668 rufus
791 2607 880 2668 crinis
904 2616 937 2670 et
959 2617 1087 2669 coactus
1111 2608 1142 2668 in
1164 2609 1286 2669 nodum
1310 2609 1396 2689 apud
1422 2607 1497 2670 Ger·

272 2732 385 2776 manos
409 2714 508 2774 uirum
534 2714 677 2776 dedecet.
723 2713 797 2775 nihil
820 2714 850 2774 in
874 2734 937 2775 uno
961 2714 1113 2777 iudicabis
1132 2713 1273 2777 notabile
1288 2724 1342 2776 aut
1357 2713 1498 2789 foedum,

272 2819 358 2902 quod
382 2820 469 2901 genti
492 2839 567 2882 suae
590 2819 750 2902 publicum
774 2828 830 2882 est.
873 2829 906 2882 et
929 2821 989 2882 ista
1010 2841 1092 2901 quae
1116 2820 1227 2896 rettuli,
1251 2823 1340 2883 unius
1363 2822 1498 2904 regionis

273 2936 367 3008 atque
391 2924 496 3007 anguli
520 2927 717 2988 consuetudo
741 2924 900 2988 defendit:
926 2927 999 2989 uide
1022 2947 1113 3002 nunc,
1137 2937 1255 3009 quanto
1279 2927 1310 2988 in
1333 2923 1368 2988 iis
1392 2928 1499 2990 iustior

232 3061 258 3101 25
273 3033 364 3094 uenia
391 3033 446 3108 sit,
480 3053 560 3113 quae
582 3053 639 3114 per
662 3041 765 3096 toturn
790 3052 889 3113 genus
912 3032 1085 3096 humanum
1109 3033 1239 3114 uolgata
1262 3044 1341 3097 sunt.
1388 3044 1527 3096 omnesl

273 3138 438 3200 inconsulti
468 3149 500 3201 et
531 3140 686 3221 inprouidi
716 3160 841 3214 sumus,
873 3160 985 3202 omnes
1013 3141 1137 3217 incerti,
1168 3141 1302 3222 queruli,
1334 3141 1498 3203 ambitiosi.

274 3245 348 3328 quid
363 3245 531 3308 lenioribus
547 3246 651 3308 uerbis
667 3246 753 3308 ulcus
768 3245 929 3328 publicum
945 3247 1131 3315 abscondo?
1156 3268 1268 3310 omnes
1285 3247 1362 3310 mali
1374 3267 1494 3310 sumus:

274 3353 425 3433 quidquid
455 3353 561 3435 itaque
588 3353 619 3414 in
643 3353 703 3415 alio
728 3351 978 3434 reprehenditur,
1009 3355 1041 3416 id
1065 3355 1276 3436 unusquisque
1298 3356 1329 3416 in
1352 3375 1410 3416 suo
1434 3355 1498 3414 sinu

274 3459 420 3520 inueniet.
458 3461 533 3541 quid
557 3459 634 3522 illius
657 3459 821 3541 pallorem,
844 3459 922 3521 illius
946 3461 1079 3523 maciem
1103 3464 1217 3522 notas?
1252 3460 1428 3542 pestilentia
1444 3467 1496 3522 est

235 3597 260 3641 30
274 3563 462 3646 placidiores
490 3568 594 3650 itaque
622 3568 754 3630 inuicem
778 3567 894 3629 simus:
929 3566 1001 3628 mali
1025 3569 1106 3628 inter
1129 3566 1231 3639 malos
1255 3568 1394 3630 uiuimus.
1439 3587 1499 3629 una

275 3692 334 3734 nos
358 3691 407 3734 res
431 3671 533 3735 facere
556 3675 679 3754 quietos
695 3683 817 3756 potest,
842 3681 970 3736 mutuae
986 3672 1139 3737 facilitatis
1155 3675 1333 3736 conuentio
1373 3674 1422 3736 ille
1438 3674 1528 3736 iamt

631 3875 640 3906 t

279 3975 283 3982 .
362 3895 480 4003 ¹lifiritus
574 3925 642 4006 2εᾲ
737 3938 860 4004 3posuiu
968 3941 1156 4004 quodammodo
1175 3944 1288 3994 auctore
1301 3939 1394 4010 lipsio
1407 3938 1495 3993 Koch:

273 4047 382 4110 quodam
473 4039 589 4097 uminof
608 4046 726 4112 es«(artte
745 4063 770 4095 es
792 4045 862 4112 ras.)
955 4047 987 4100 12
1007 4049 1059 4111 egri
1083 4043 1157 4114 (ante
1175 4065 1189 4096 e
1207 4047 1276 4113 ras.)
1368 4046 1398 4098 ll
1416 4048 1497 4110 inpru·

273 4134 370 4184 dentiae
395 4131 558 4188 Pincianus:
580 4137 742 4200 'inprudentia
847 4135 879 4187 15
899 4142 958 4200 puta
980 4136 1041 4185 uelle
1061 4143 1084 4186 te
1102 4138 1152 4186 larii
1179 4138 1283 4202 (tetam
1303 4135 1412 4200 iuras.)
1438 4132 1494 4186 cod.

274 4265 332 4322 puta
351 4265 374 4308 te
394 4260 456 4309 uelle
475 4256 557 4328 uulpo
649 4258 682 4312 16
701 4277 765 4324 pena
857 4259 890 4312 19
909 4276 989 4310 sumus
1009 4259 1092 4326 (corr.
1112 4259 1139 4312 fn
1158 4261 1244 4326 simus)
1336 4224 1425 4326 iniquls

274 4347 308 4399 20
333 4349 410 4397 obicit
429 4345 522 4400 Koch:
551 4349 644 4396 obiecit
703 4358 705 4363 '
746 4349 779 4401 22
804 4350 887 4413 fedum
991 4348 1024 4401 27
1050 4349 1183 4398 lenioribus
1201 4346 1343 4402 Muretus:
1368 4349 1494 4396 leuioribus

362 4435 396 4488 29
416 4437 521 4485 maciem
541 4435 638 4506 uulpoz
660 4438 739 4486 aciem
832 4437 866 4490 30
885 4439 959 4487 simus
979 4436 1076 4506 uulpo:
1098 4453 1180 4488 sumus
