3208 5314
297 357 358 420 180
518 353 597 395 DlAL.
608 353 657 399 Vll.
687 353 728 394 AD
744 353 922 396 GALLIONEM
937 353 977 395 DE
991 353 1064 398 VITA
1078 355 1184 398 BEATA.
1212 354 1246 396 25.
1261 355 1294 398 26.

292 510 494 566 tractantem.
541 521 604 563 non
628 510 676 563 est
700 502 791 576 enim,
815 502 903 581 quod
927 501 1088 564 existimes
1112 501 1207 565 ullam
1232 521 1302 565 esse
1323 504 1390 565 sine
1413 501 1511 566 labore

291 611 456 685 uirtutem,
487 610 545 671 sed
577 610 735 689 quaedam
767 609 899 671 uirtutes
928 609 1076 686 stimuliS,
1106 611 1264 691 quaedam
1295 611 1390 674 irenis
1418 620 1514 692 egent.⁴

292 717 564 798 quemadmodum
596 735 711 797 corpus
739 716 769 776 in
800 714 928 796 procliui
959 717 1083 779 retineri
1107 717 1220 793 debet,
1251 717 1400 780 aduersus
1424 719 1512 780 ardua
1526 729 1538 778 u
1587 757 1588 760 ,

293 823 413 908 inpelli,
445 823 488 886 ita
517 822 675 904 quaedam
709 823 839 896 uirtutes
869 823 899 884 in
930 822 1059 904 procliui
1090 833 1177 900 sunt,
1217 826 1376 906 quaedam
1407 822 1511 886 cliuum

265 931 435 994 tsubeunt.
467 951 507 994 an
528 930 658 994 dubium
675 933 722 1006 sit,
747 934 822 1011 quin
838 933 996 1006 escendat,
1021 931 1145 1007 nitatur,
1169 929 1348 994 obluctetur
1363 933 1512 1014 patientia,

291 1037 458 1113 fortitudo,
490 1039 723 1120 perseuerantia
753 1047 785 1100 et
808 1057 1026 1119 quaecumque
1056 1037 1115 1101 alia
1144 1037 1230 1100 duris
1253 1040 1402 1120 opposita
1425 1041 1512 1100 uirtus
1588 1085 1589 1138 ,

290 1154 340 1207 est
372 1155 404 1208 et
435 1145 593 1208 fortunam
625 1144 760 1225 subigit?
800 1145 877 1225 quid
907 1149 1005 1226 ergo?
1038 1164 1102 1205 non
1126 1165 1225 1226 aeque
1248 1143 1449 1207 manifestum
1471 1151 1538 1206 est?
1588 1157 1589 1172 ¹

291 1273 348 1334 per
371 1253 531 1314 deuexum
556 1253 600 1314 ire
623 1250 851 1326 liberalitatem,
874 1253 1134 1333 temperantiam,
1157 1251 1452 1313 mansuetudinem?
1487 1253 1511 1312 in
1588 1251 1589 1298 ἲ

290 1359 338 1422 his
361 1360 559 1420 continemus
582 1360 729 1435 animum,
754 1381 794 1422 ne
817 1357 1016 1440 prolabatur,
1048 1359 1079 1420 in
1102 1357 1159 1420 illis
1182 1357 1390 1421 exhortamur
1413 1359 1509 1420 incita-

252 1480 276 1521 10
291 1487 442 1547 musque:
468 1467 625 1528 acerrime
659 1485 737 1547 ergo
760 1467 936 1547 paupertati
959 1465 1178 1528 adhibebimus
1199 1463 1265 1527 illas
1280 1461 1361 1545 q'uae
1378 1485 1511 1546 pugnare

290 1573 399 1647 sciunt,
422 1571 575 1647 fortiores,
599 1574 712 1636 diuitiis
735 1572 802 1636 illas
826 1571 1046 1654 diligentiores
1070 1591 1152 1652 quae
1175 1590 1361 1653 suspensum
1385 1574 1510 1661 gradum

289 1687 412 1762 ponunt
436 1688 468 1740 et
491 1681 616 1759 pondus
638 1700 729 1741 suurn
753 1680 915 1747 sustinent.
957 1699 1028 1740 cum
1052 1678 1115 1740 hoc
1138 1679 1181 1740 ita
1203 1680 1337 1740 diuisum
1361 1680 1409 1754 sit,
1434 1678 1538 1741 malou
1589 1711 1590 1772 3

289 1785 401 1848 basin
424 1806 480 1847 usu
505 1785 579 1849 mihi
602 1806 680 1862 esse,
704 1807 786 1868 quae
809 1787 1008 1849 exercendae
1029 1785 1219 1866 tranquillius
1239 1795 1319 1861 sunt,
1344 1807 1440 1868 quam
1455 1805 1510 1860 eaS,

290 1913 423 1973 quarum
447 1895 701 1975 experimentum
725 1896 852 1974 sanguis
876 1903 907 1956 et
930 1894 1029 1954 sudor
1051 1901 1108 1956 est.
1148 1913 1225 1974 ergo
1248 1913 1312 1954 non
1336 1913 1398 1975 ego
1422 1892 1510 1966 aliter,

252 2019 275 2059 u
290 2001 389 2081 inquit
418 2001 559 2082 sapiens,
589 2001 662 2061 uiuo
694 2020 789 2079 quam
820 2000 949 2081 loquor,
982 2001 1040 2062 sed
1063 2019 1121 2061 uos
1145 2000 1233 2063 aliter
1256 1999 1378 2064 auditis.
1423 1989 1510 2062 sonus

289 2108 515 2190 tantummodo
540 2107 710 2168 uerborum
734 2107 775 2168 ad
799 2127 889 2169 aures
913 2117 1035 2170 uestras
1058 2107 1219 2188 peruenit:
1246 2106 1320 2186 quid
1344 2107 1509 2188 significent

219 2292 224 2303 ι
289 2217 353 2276 non
376 2215 530 2295 quaeritis.
1590 2293 1591 2304 ἵ

377 2321 497 2384 XXVI.
529 2320 616 2401 Quid
640 2340 717 2401 ergo
741 2321 820 2383 inter
844 2341 896 2383 me
920 2320 1050 2384 stultum
1075 2329 1108 2383 et
1130 2329 1162 2384 te
1182 2321 1358 2402 sapientem
1379 2321 1534 2393 interest,l
1582 2309 1591 2380 ,ἶ

288 2433 314 2492 si
345 2437 477 2508 uterque
507 2426 625 2490 habere
661 2427 826 2489 uolumus?
872 2427 1049 2508 plurimum.
1096 2428 1222 2490 diuitiae
1252 2429 1335 2489 enim
1359 2428 1442 2510 apud
1464 2447 1505 2487 sa-

249 2537 427 2618 cupientem
452 2535 553 2596 uirum
576 2536 606 2595 in
631 2537 781 2597 seruitute
804 2544 885 2610 sunt,
909 2537 996 2616 apud
1017 2534 1147 2598 stultum
1172 2535 1202 2596 in
1223 2535 1362 2617 imperia.
1394 2534 1508 2616 sapiens

288 2643 402 2705 diuitiis
424 2641 499 2705 nihil
521 2642 682 2724 permittit,
706 2641 1085 2705 uobis‘diuitiae'omnia.
1131 2661 1198 2717 uos
1221 2652 1384 2723 tamquam
1408 2639 1507 2720 aliquis

289 2750 380 2813 uobis
403 2760 564 2812 aeternam
588 2751 823 2830 possessionem
848 2769 956 2810 earum
979 2751 1173 2829 promiserit,
1197 2749 1381 2812 adsuescitis
1403 2729 1457 2808 illis
1479 2755 1508 2806 et
1591 2779 1592 2784 κ

288 2857 481 2932 cohaeretis,
511 2857 636 2938 sapiens
667 2867 742 2918 tunc
765 2857 906 2918 maxime
928 2865 1149 2938 paupertatem
1174 2856 1360 2930 meditatur,
1389 2873 1458 2916 cum
1480 2854 1507 2914 in

288 2967 401 3027 mediis
432 2965 545 3026 diuitiis
577 2964 723 3026 constitit.
770 2983 942 3043 numquam
973 2965 1144 3045 imperator
1172 2964 1215 3024 ita
1244 2963 1315 3044 paci
1337 2961 1447 3033 credit,
1478 2961 1537 3018 ut?

248 3087 274 3128 aa
289 3092 353 3162 non
385 3091 419 3132 se
442 3079 610 3153 praeparet
632 3068 734 3146 bello,
764 3070 850 3150 quod
875 3071 1084 3133 etiamsinon
1107 3071 1241 3151 geritur,
1272 3071 1421 3131 indictum
1443 3075 1504 3127 est:

289 3199 347 3240 uos
370 3178 484 3238 domus
508 3177 665 3253 formosa,
688 3185 853 3256 tamquam
877 3197 935 3239 nec
959 3179 1070 3240 ardere
1092 3197 1152 3238 nec
1175 3197 1264 3239 ruere
1288 3176 1401 3258 possit,
1431 3175 1505 3235 inso-

289 3285 397 3360 lentes,
422 3304 480 3346 uos
503 3305 590 3364 opes
615 3295 778 3366 tamquam
802 3284 975 3366 periculum
992 3305 1088 3346 omne
1103 3283 1353 3346 transcenderint
1368 3281 1504 3343 maiores-

260 3425 262 3432 ·
288 3412 351 3473 que
385 3393 446 3452 sint
478 3391 589 3471 iuobis]
622 3409 717 3472 quam
751 3391 867 3472 quibus
902 3392 1123 3455 consumendis
1153 3392 1228 3452 satis
1259 3391 1370 3451 uirium
1400 3387 1506 3449 habeat

289 3500 421 3574 fortuna,
446 3499 582 3579 obstupe
605 3495 729 3561 iaciunt.
761 3499 854 3560 otiosi
879 3499 990 3560 diuitiis
1013 3498 1118 3560 luditis
1134 3493 1192 3559 nec
1208 3497 1379 3582 prouidetis
1394 3492 1503 3556 illarum
1522 3493 1534 3543 3

249 3623 275 3662 ³0
289 3605 478 3687 periculum,
502 3605 580 3668 sicut
604 3605 729 3667 barbari
752 3604 937 3686 plerumque
961 3604 1082 3678 inclusi,
1114 3615 1148 3666 ut
1171 3604 1269 3686 ignari
1294 3602 1504 3672 machinarum,

166 3694 170 3702 ’
288 3731 402 3791 segnes
426 3711 570 3775 laborem
594 3712 808 3776 obsidentium
832 3722 978 3795 spectant
1000 3733 1059 3776 nec
1082 3733 1146 3793 quo
1162 3711 1213 3774 illa
1227 3711 1411 3793 pertineant,
1433 3724 1505 3788 quae

435 3855 498 3862 --.--.

289 3941 306 3994 4
326 3943 420 4008 impelli
522 3943 642 4006 itaquedti
661 3942 689 4007 (it
709 3941 736 3993 t'n
756 3939 823 4007 raa)
915 3941 930 3994 5
968 3943 1026 4006 quin
1046 3943 1161 3992 escendat
1180 3937 1321 3993 Muretus:
1341 3938 1382 4004 qui
1401 3934 1504 3986 ascendat

289 4029 416 4099 (acorr.)
510 4029 541 4082 10
567 4033 685 4080 acerrime
704 4028 813 4083 Haase:
835 4032 962 4083 acerrimis
981 4031 1013 4098 (is
1032 4031 1058 4083 in
1078 4046 1144 4094 ras,
1166 4027 1234 4098 sort.
1254 4030 1290 4095 us)
1400 4026 1430 4078 13
1452 4029 1504 4073 eset

290 4122 308 4187 (t
328 4119 427 4184 deleta)
448 4123 464 4186 q
484 4119 528 4184 (m.
548 4120 614 4184 rec.)
706 4121 856 4169 exercendae
876 4117 1039 4172 deteriores:
1061 4121 1189 4169 exercendi
1206 4105 1220 4131 ⁰
1285 4117 1314 4170 16
1340 4116 1397 4181 quid
1416 4111 1501 4180 arripe:

290 4211 357 4274 quod
465 4207 605 4272 significent
627 4205 723 4260 Gertz:
745 4209 868 4272 significet
979 4208 1012 4261 17
1030 4210 1129 4272 queritis
1222 4206 1253 4258 ill
1273 4210 1300 4259 et
1318 4204 1352 4258 20
1371 4210 1427 4269 aput

290 4298 323 4350 22
343 4299 480 4348 assuescitis
499 4295 603 4366 (prima
621 4313 632 4345 s
651 4312 723 4349 corr.
743 4311 781 4349 ex
799 4295 827 4360 dl
916 4295 950 4350 2ss
976 4299 1087 4347 formosa
1108 4297 1147 4362 (sa
1167 4296 1249 4361 corr.)
1346 4293 1380 4347 27
1404 4293 1458 4342 ome
1473 4287 1502 4354 (m

290 4386 387 4453 deleta)
487 4385 520 4438 28
544 4386 616 4434 uobis
636 4399 687 4438 om.
709 4383 748 4437 El
839 4386 873 4438 29
892 4388 998 4452 obstupe
1016 4389 1108 4436 faciunt
1127 4381 1220 4454 Haupt
1241 4399 1300 4436 cum
1319 4381 1410 4436 codice

289 4476 324 4528 30
343 4483 367 4525 ut
388 4474 484 4528 Gertz:
505 4481 529 4524 et
619 4473 649 4524 31
673 4473 714 4522 illa
734 4476 868 4538 pertineant
883 4471 1045 4528 Pinciauurr
1067 4477 1111 4525 illa
1131 4476 1251 4538 ptinendst
1264 4463 1501 4539 (lincolaedeietue)
