3184 5318
289 339 350 403 136
478 333 557 378 Dllll..
574 334 611 377 Vl.
640 335 682 376 AD
697 333 841 375 Maeciam
857 333 897 374 DE
912 331 1154 377 CONSOLATIONE.
1185 337 1216 378 it.
1233 337 1265 379 15.
1282 337 1314 377 tii.

282 489 465 561 peragraret
496 501 554 542 nec
585 501 706 574 oceano
737 483 897 543 continere
927 479 1107 543 felicitatem
1138 499 1227 542 suam
1255 487 1381 562 posset,
1414 479 1503 542 audiit

282 587 463 649 decessisse
477 586 571 649 filiam
595 586 721 668 publica
743 607 851 650 secum
875 587 940 650 iata
963 588 1141 649 ducentem.
1180 587 1210 648 in
1233 585 1331 649 oculis
1356 593 1426 648 erat
1450 586 1501 646 iam

282 691 338 757 Cn.
362 693 531 777 Pompeius
562 713 625 756 non
657 714 759 774 aequo
781 693 899 756 laturus
923 695 1028 756 animo
1053 712 1245 775 quemquam
1269 692 1362 754 alium
1386 711 1459 754 esse
1478 693 1502 753 in

281 799 441 880 republica
464 820 615 881 magnum
640 810 672 862 et
696 801 829 863 modum
852 801 1042 883 inpositurus
1065 799 1273 874 incrementis,
1297 819 1379 880 quae
1403 799 1503 879 grauia

254 904 320 967 silli
352 907 539 968 uidebantur
569 907 663 969 etiam
694 923 766 968 ‘cum
797 908 827 967 in
859 927 1029 968 commune
1059 913 1253 968 crescerent:
1290 913 1398 966 tamen
1430 905 1504 972 iutra

280 1014 407 1076 tertium
441 1014 525 1075 diem
555 1014 758 1096 imperatoria
788 1012 866 1074 obiit
898 1016 1003 1074 munia
1033 1021 1155 1074 ettam
1180 1014 1243 1074 cito
1267 1010 1411 1072 dolorem
1437 1012 1502 1072 uicit
1583 995 1584 1074 l

281 1139 377 1201 quam
401 1121 509 1181 omnia
532 1119 664 1181 solebat.

369 1226 442 1287 XV.
469 1225 575 1307 *Quid
606 1226 737 1287 aliorum
768 1226 824 1288 tibi
854 1225 962 1287 lunera
986 1224 1157 1288 Caesarum
1182 1222 1335 1286 reseram?
1374 1243 1457 1303 quos
1478 1223 1526 1283 ini
1578 1311 1583 1318 ι

279 1331 342 1393 hoc
374 1331 449 1394 mihi
482 1333 606 1394 uidetur
637 1333 759 1394 interim
791 1331 907 1394 uiolare
938 1330 1078 1405 fortuna,
1110 1341 1145 1394 ut
1176 1331 1220 1393 sic
1250 1349 1378 1411 quoque
1402 1329 1503 1410 generi

241 1437 419 1500 inhumano
442 1439 564 1519 prosint
586 1439 792 1500 ostendentes
816 1459 856 1499 ne
880 1457 936 1500 eos
959 1439 1096 1520 quidem,
1120 1437 1173 1518 qui
1189 1437 1237 1500 dis
1253 1436 1349 1518 geniti
1366 1436 1502 1516 deosque

279 1544 412 1623 genituri
443 1545 601 1618 dicantur,
633 1546 677 1606 sic
699 1565 788 1606 suam
820 1544 979 1606 fortunam
1004 1546 1034 1605 in
1057 1550 1216 1626 potestate
1246 1543 1365 1605 habere
1397 1559 1500 1623 quem·
1584 1545 1585 1570 ³

280 1648 455 1710 admodum
479 1649 622 1710 alienam.
665 1650 755 1711 diuus
776 1649 944 1730 Augustus
967 1649 1088 1712 amissis
1111 1647 1224 1722 liberis,
1248 1647 1427 1728 nepotibus,
1452 1653 1529 1707 ex-‘t

279 1752 392 1815 hausta
416 1753 585 1817 Caesarum
617 1756 711 1818 turba
741 1757 915 1836 adoptione
946 1756 1105 1830 desertam
1136 1756 1270 1816 domum
1302 1753 1393 1815 fulsit.
1439 1751 1502 1814 tulit

279 1868 387 1922 tamen
411 1869 477 1922 tam
501 1860 623 1924 fortiter
646 1882 741 1942 quam
766 1863 851 1924 cuius
874 1863 937 1923 iam
961 1881 1011 1924 res
1031 1861 1186 1942 agebatur
1202 1862 1351 1942 cuiusque
1367 1861 1502 1922 maxime

243 1988 265 2026 u
279 1967 427 2029 intererat
448 1967 490 2028 de
513 1968 560 2029 dis
584 1968 740 2030 neminem
764 1968 859 2048 queri.
891 1967 1035 2030 Tiberius
1052 1966 1167 2030 Caesar
1191 1976 1222 2028 et
1244 1985 1339 2047 quem
1355 1973 1528 2047 genuerat3

279 2081 311 2134 et
333 2093 429 2155 quem
453 2075 670 2156 adoptauerat,
694 2075 806 2149 amisit,
829 2074 896 2155 ipse
919 2083 1027 2137 tamen
1049 2094 1108 2156 pro
1133 2075 1239 2136 rostris
1256 2073 1394 2135 laudauit
1411 2071 1500 2134 filium

278 2181 428 2260 stetitque
451 2182 481 2242 in
505 2191 676 2261 conspectu
700 2181 805 2262 posito
829 2200 972 2261 corpore,
995 2180 1158 2242 interiecto
1180 2180 1406 2242 tantummodo
1424 2177 1499 2240 uela·
1585 2181 1586 2230 l

279 2295 404 2362 mento,
435 2288 524 2368 quod
554 2286 711 2369 pontificis
739 2287 848 2374 oculos
872 2307 891 2348 a
914 2285 1021 2350 sunere
1045 2297 1181 2362 arceret,
1213 2295 1246 2348 et
1268 2285 1364 2348 flente
1387 2283 1500 2368 populo

279 2392 428 2454 Romano
463 2414 527 2454 non
564 2392 655 2454 flexit
691 2392 822 2455 uoltum.
868 2395 1097 2474 experiendum
1134 2413 1168 2454 se
1198 2393 1287 2455 dedit
1318 2391 1435 2454 Seiano
1463 2391 1500 2452 ad

200 2519 205 2528 ·
239 2517 265 2558 ro
280 2497 361 2559 latus
385 2500 487 2574 stanti,
511 2519 607 2580 quam
631 2501 786 2579 patienter
808 2507 918 2580 posset
941 2520 1016 2562 suos
1046 2501 1189 2581 perdere.
1235 2498 1364 2561 videsne
1386 2502 1528 2580 quantal

281 2603 371 2685 copia
402 2606 540 2666 uirorum
564 2607 777 2668 maximorum
801 2607 856 2680 sit,
888 2626 968 2687 quos
992 2626 1057 2668 non
1080 2606 1207 2686 excepit
1230 2604 1281 2667 hic
1303 2605 1411 2666 omnia
1433 2622 1498 2686 pro-

280 2717 421 2772 sternens
444 2716 555 2774 casus?
579 2720 611 2773 et
634 2711 667 2773 in
691 2732 772 2795 quos
795 2721 845 2776 tot
868 2712 963 2775 animi
987 2712 1080 2787 bona,
1104 2721 1155 2775 tot
1179 2720 1368 2774 ornamenta
1382 2709 1500 2791 publice

282 3403 494 3412 n————--

284 3509 293 3559 l
324 3510 400 3558 audiit
419 3508 546 3564 Fickert:
568 3512 616 3561 aud
635 3513 654 3560 it
765 3510 781 3562 2
806 3512 929 3576 publica*
1044 3510 1059 3562 3
1081 3512 1172 3560 ›inreP-
1287 3508 1304 3561 4
1329 3510 1354 3558 in
1372 3455 1498 3580 positurutii

385 3606 481 3659 {icum
500 3610 548 3658 ina
657 3616 791 3659 crescerent
810 3607 974 3661 deteriores:
996 3613 1115 3658 cresceret
1217 3605 1322 3660 dobiit
1342 3603 1497 3660 deteriores:

283 3751 317 3797 ob
337 3751 355 3798 it
417 3769 420 3774 ·
457 3749 472 3802 9
498 3751 574 3800 michi
678 3751 712 3803 10
737 3708 775 3800 dls
793 3752 870 3814 geniti
894 3752 1001 3814 deosque
1024 3751 1143 3814 genituri:
1169 3746 1237 3802 liaeo
1261 3753 1369 3819 sumpta
1391 3761 1447 3800 erse
1463 3758 1499 3797 etc

285 3871 365 3942 Verq.
386 3875 451 3927 Aen.
473 3878 501 3938 9,
521 3879 572 3926 642
599 3873 729 3928 indicauit
752 3873 846 3928 Haase
945 3875 976 3927 12
995 3837 1106 3940 nepotibs
1193 3871 1224 3924 ii
1243 3879 1327 3923 tamen
1345 3879 1395 3922 tem
1415 3866 1498 3928 Gertz,

281 4024 331 4066 tam
351 4013 482 4085 Madui'p:
503 4025 585 4066 tamen
689 4016 721 4067 in
741 3975 811 4065 dedls
905 4017 936 4069 T.
957 4033 1026 4079 cesar
1123 4021 1239 4080 genuerat
1258 4013 1284 4081 (u
1303 4013 1332 4066 t'n
1350 4013 1416 4078 ras.)

284 4105 314 4157 lli
333 4107 387 4171 ipse
486 4096 529 4156 18'
539 4107 611 4153 flente
631 4106 690 4153 P-R·
791 4105 822 4157 19
841 4105 911 4156 uulti'l
1008 4103 1042 4156 20
1061 4110 1143 4170 posset
1162 4101 1328 4156 deteriores:
1350 4103 1422 4168 possit

824 4191 833 4222 t

282 4246 314 4300 21
335 4254 489 4312 prosternens
508 4243 676 4299 deteriores:
697 4221 835 4320 prosterne}
922 4245 956 4299 22
975 4253 998 4296 et
1017 4247 1042 4294 in
1061 4262 1123 4310 quos
1141 4243 1249 4314 Haase,
1268 4252 1359 4310 eiquo
1377 4238 1494 4309 Madm'ff:

283 4350 306 4392 et
326 4361 388 4409 quos
400 4342 460 4398 cod.
479 4341 617 4397 Orationis
626 4343 746 4414 somnam
760 4342 873 4397 eandem
887 4358 947 4397 esse
960 4349 1041 4412 atque
1056 4345 1095 4406 ia,
1116 4346 1132 4395 4
1145 4348 1168 4394 et
1180 4345 1386 4410 quem-mutatio?
1404 4335 1495 4410 rrynifi·

285 4430 359 4483 currit
379 4430 460 4486 Gertz
552 4433 585 4486 27
605 4434 678 4482 refers
698 4431 863 4486 deteriores:
886 4436 947 4482 refer
1038 4435 1125 4482 dixerit
1144 4427 1308 4504 Pincianus:
1331 4433 1388 4481 dixit

279 2817 487 2899 priuatimque
510 2827 664 2899 congesta
688 2821 795 2880 erant?
819 2818 876 2880 sed
900 2817 1045 2880 uidelicet
1068 2820 1091 2881 it
1113 2819 1144 2880 in
1168 2818 1280 2880 orbem
1296 2818 1354 2879 ista
1369 2824 1499 2896 tempes-
1586 2827 1587 2836 ¹

280 2934 329 2986 tas
358 2934 390 2988 et
421 2925 487 2986 sine
518 2924 633 2986 dilectu
664 2933 768 2987 uastat
799 2927 906 2986 omnia
936 2926 1065 3006 agitque
1096 2935 1131 2987 ut
1161 2944 1225 2988 sua.
1271 2924 1344 2986 iube
1368 2919 1499 3002 singulos

241 3028 424 3093 reconferre
447 3031 617 3094 rationem:
645 3031 718 3094 nulli
742 3033 873 3112 contigit
897 3033 1012 3113 inpune
1036 3033 1127 3094 nasci.

370 3137 456 3199 XVI.
503 3136 576 3200 Scio
611 3138 685 3221 quid
721 3139 824 3201 dicas:
867 3138 984 3214 oblitus
1019 3158 1053 3200 es
1092 3137 1241 3200 feminam
1280 3146 1312 3199 te
1344 3132 1528 3206 consolari,1

281 3245 419 3307 uirorum
455 3244 550 3307 refers
586 3244 743 3328 exempla.
794 3246 862 3326 quis
900 3254 1008 3309 autem
1049 3245 1164 3307 dixerit
1195 3253 1340 3324 naturam
1372 3239 1500 3320 maligne
