3212 5318
511 987 542 1054 n.
574 985 716 1054 runnu
746 985 911 1055 sursum

267 1175 271 1182 ·
331 1135 772 1233 DIALOGORVM
811 1134 1007 1231 LIBER
1039 1133 1096 1231 X.

590 1325 639 1374 AD
659 1323 838 1374 PAVLlNVM

529 1445 570 1502 uu
589 1445 769 1502 utuinisi
787 1445 893 1504 llldll.

12 1621 13 1652 l

77 1737 85 1786 l
185 1717 209 1779 1.
250 1683 361 1779 Maior
390 1735 464 1798 pars
494 1713 689 1790 mortalium,
722 1711 864 1790 Pauline,
897 1709 938 1776 de
969 1723 1099 1778 naturae
1129 1713 1323 1796 malignitate

103 1826 314 1906 conqueritur,
352 1821 438 1903 quod
474 1821 505 1884 in
536 1821 687 1901 exiguum
719 1821 787 1883 aeui
818 1821 991 1902 gignimur,
1030 1822 1118 1901 quod
1148 1820 1227 1884 haec
1256 1830 1323 1884 tarn

101 1930 264 2005 uelociter,
296 1937 362 1991 tam
387 1928 497 2010 rapide
522 1928 587 1991 dati
610 1927 702 1990 nobis
725 1928 878 2009 temporis
902 1928 1003 2009 spatia
1026 1926 1209 2003 decurrunt,
1241 1928 1323 1990 adeo

12 2093 13 2098 ,
102 2045 131 2098 ut
159 2037 306 2118 exceptis
337 2034 513 2098 admodum
545 2033 652 2115 paucis
684 2042 807 2095 ceteros
830 2033 861 2094 in
884 2034 954 2114 ipso
978 2035 1060 2126 uitae
1083 2035 1237 2115 adparatu
1260 2035 1324 2097 uita

102 2144 259 2206 destituat.
306 2161 364 2204 nec
386 2141 458 2204 huic
480 2139 623 2223 public0‚
655 2148 689 2201 ut
711 2142 895 2222 opinantur,
920 2139 1004 2202 malo
1028 2137 1121 2202 turba
1144 2146 1267 2203 tantum
1292 2149 1350 2227 eta

101 2249 267 2332 inprudens
292 2246 405 2328 uolgus
427 2247 588 2328 ingemuit.
626 2245 783 2309 clarorum
806 2265 934 2328 quoque
957 2246 1094 2309 uirorum
1115 2245 1165 2308 hic
1181 2245 1323 2308 adlectus

102 2354 251 2435 querellas
284 2355 447 2418 euocauit!
481 2354 554 2416 inde
585 2352 636 2415 illa
663 2353 795 2415 maximi
819 2354 1015 2416 medicorum
1040 2350 1229 2415 exclamatio
1253 2362 1320 2416 est:
1364 2339 1365 2346 ἵ

74 2465 192 2524 initam
227 2461 358 2524 breuem
390 2480 475 2536 esse,
506 2458 636 2541 longam
667 2469 777 2522 artem.
823 2461 896 2522 inde
919 2459 1101 2522 Aristotelis
1124 2479 1195 2522 curn
1220 2478 1323 2521 rerum

102 2576 208 2632 natura
231 2567 389 2649 exigentis
413 2567 540 2629 minime
564 2568 753 2629 conueniens
777 2567 908 2647 sapienti
929 2567 996 2629 uiro
1019 2565 1071 2628 lis:
1104 2567 1215 2629 aetatis
1238 2543 1322 2628 illam

102 2673 285 2738 animalibus
308 2682 432 2736 tantum
456 2673 628 2749 indulsisse,
652 2681 687 2736 ut
710 2674 805 2756 quina
827 2683 882 2735 aut
905 2675 988 2735 dena
1011 2671 1117 2734 secula
1132 2675 1318 2736 educerent:
1340 2688 1362 2728 ιο

102 2779 217 2844 homini
240 2783 270 2844 in
294 2789 360 2843 tam
385 2778 484 2842 multa
506 2799 544 2842 ac
567 2799 684 2860 magna
707 2780 815 2860 genito
839 2787 930 2842 tanto
953 2779 1129 2840 citeriorem
1153 2779 1322 2841 terminum

74 2894 190 2950 astare.
237 2906 302 2950 non
334 2889 484 2968 exiguum
516 2887 669 2968 temporis
699 2885 870 2961 habemus,
884 2899 888 2910 ’
902 2887 960 2948 sed
991 2885 1124 2948 multum
1154 2885 1323 2966 perdimus.

102 2997 173 3058 satis
196 2992 294 3076 longa
317 2996 382 3057 uita
406 2997 489 3057 etin
513 2993 725 3056 maximarum
749 3013 853 3055 rerum
877 2993 1204 3056 consummationem:
1235 2992 1323 3073 large

102 3101 174 3164 data
205 3110 270 3176 est,
301 3101 327 3163 si
358 3110 429 3164 tota
459 3101 541 3164 bene
564 3097 790 3162 conlocaretur.
837 3099 894 3162 sed
918 3099 971 3162 ubi
994 3119 1052 3181 per
1074 3098 1184 3162 luxum
1208 3118 1244 3160 ac
1268 3119 1321 3160 ne-

102 3205 290 3286 glegentiam
314 3206 435 3282 diffluit,
459 3206 512 3270 ubi
535 3204 639 3268 nullae
662 3203 768 3267 bonae
791 3206 834 3266 rei
858 3205 1044 3287 inpenditur,
1067 3204 1177 3268 ultima
1192 3205 1322 3266 demum
1340 3220 1363 3260 u

101 3315 284 3378 necessitate
307 3322 452 3396 cogente,
475 3332 572 3395 quam
595 3313 640 3374 ire
664 3332 729 3373 non
753 3310 972 3386 intelleximus,
996 3313 1145 3374 transisse
1161 3311 1321 3374 sentimus.

71 3419 143 3482 lita
165 3429 220 3495 est,
244 3441 310 3483 non
333 3420 503 3502 accipimus
527 3419 657 3481 breuem
681 3417 788 3493 uitam,
810 3419 867 3480 sed
884 3417 1022 3492 iacimus,
1046 3437 1105 3480 nec
1120 3418 1231 3499 inopes
1247 3421 1322 3493 eius,

102 3527 157 3588 sed
185 3526 312 3610 prodigi
342 3547 460 3589 sumus.
506 3527 586 3587 sicut
617 3521 743 3606 amplae
774 3532 807 3587 et
830 3525 935 3606 regiae
958 3544 1037 3605 opes
1061 3523 1114 3585 ubi
1137 3525 1178 3586 ad
1203 3522 1322 3586 malum

102 3632 263 3698 dominum
286 3639 514 3715 peruenerunt,
543 3639 710 3694 momento
735 3631 932 3712 dissipantur,
956 3638 989 3694 at
1011 3630 1154 3712 quamuis
1178 3630 1323 3694 modicae

102 3876 117 3929 3
136 3879 260 3931 decurrunt
275 3876 372 3934 Gertz:
394 3880 523 3931 decurrant
612 3877 628 3929 4
643 3883 737 3942 ceteros
827 3881 946 3943 apparatu
1037 3875 1052 3930 6
1066 3877 1206 3943 imprudens
1220 3873 1320 3945 Neam:

103 3967 226 4032 impudens
327 3968 414 4034 uolgus
440 3967 466 4035 (o
485 3965 595 4020 uidetur
613 3966 641 4019 in
660 3984 674 4015 u
694 3970 818 4019 correcta
838 3964 906 4033 esse)
1009 3967 1155 4030 affectusque
1175 3965 1236 4014 relas
1257 3963 1276 4029 (l
1294 3966 1322 4016 in

102 4051 169 4122 ras.)
254 4055 391 4110 &brebem
486 4053 625 4106 Aristotelis
643 4051 770 4108 Fickert:
792 4053 926 4105 aristoteles
1016 4051 1160 4118 llexigenti
1180 4051 1202 4122 (s
1221 4041 1322 4108 deleta)

103 4143 201 4194 minime
219 4143 242 4210 (e
260 4143 287 4197 in
306 4144 373 4211 ras.)
491 4143 576 4196 aetatis
595 4141 663 4193 iilam
685 4138 780 4206 Gertz,
799 4145 885 4193 aetatis
904 4160 959 4193 eam
978 4137 1107 4210 Maduip:
1134 4145 1196 4194 oet
1214 4141 1252 4189 isti
1271 4139 1322 4190 iam

224 4266 257 4322 10
280 4267 408 4320 indulsisse
427 4265 465 4335 (in
483 4281 570 4336 maro.
590 4281 623 4320 m.
643 4281 698 4320 rec.
717 4263 825 4320 addidit
843 4235 935 4332 dicdnt)
1040 4262 1072 4316 12
1092 4226 1191 4322 hchenu

103 4353 223 4418 perdimus
240 4353 297 4410 El:
317 4356 444 4422 odidimue
554 4354 586 4410 13
608 4357 675 4425 post
699 4356 936 4406 consummationem
954 4368 1025 4424 quae
1043 4349 1119 4406 nulla
1137 4354 1197 4406 erat
1214 4348 1323 4404 addidit
1368 4385 1371 4391 ,

103 4439 337 4512 mlerpundit'onem
359 4441 442 4500 Gertz
534 4441 567 4498 17
585 4444 688 4494 iacimus
710 4440 807 4498 Gertz:
828 4445 912 4502 secim;
