3184 5318
324 337 402 381 DlAL.
418 337 455 380 VI.
483 337 526 380 ab
540 337 683 380 usnemu
698 337 739 378 Da
753 336 996 380 consonuimus.
1024 338 1059 382 11.
1073 339 1109 383 2³.
1266 347 1326 408 149

115 485 165 548 sibi
199 484 250 548 uni
289 493 486 558 mansuetos,
526 481 671 545 omnibus
707 480 790 544 feros
821 483 968 557 haberet,
1007 471 1157 564 sanguine
1188 485 1327 548 humano

114 591 268 673 pascebat,
308 587 537 653 circumlatrare
575 588 736 651 hominem
769 598 802 651 et
831 589 892 650 iam
924 589 1041 652 laniare
1072 590 1328 672 intemperantius

87 697 257 780 sincipiunt
304 697 380 778 quid
404 695 540 759 iaceret?
564 697 589 759 si
611 695 716 758 uiuere
740 694 842 770 uellet,
866 694 997 760 Seianus
1021 697 1181 777 rogandus
1204 705 1279 774 erat,
1303 697 1328 760 si

114 803 191 878 mori,
214 802 284 878 filia,
308 812 440 884 uterque
455 801 674 864 inexorabilis:
702 803 862 865 constituit
877 801 971 865 filiam
988 800 1101 865 fallere.
1136 823 1209 864 usus
1225 803 1328 886 itaque

114 909 236 984 balineo,
261 909 314 990 [et]
341 929 403 990 quo
427 908 496 990 plus
520 909 629 971 uirium
653 917 795 990 poneret,
818 910 848 969 in
872 907 1047 972 cubiculum
1068 928 1103 970 se
1118 911 1205 990 quasi
1221 919 1354 990 gusta-s

112 1025 189 1079 turus
209 1015 340 1080 contulit
356 1023 387 1078 et
404 1015 537 1078 dimissis
553 1016 656 1098 pueris
672 1017 830 1096 quaedam
846 1035 902 1096 per
919 1014 1096 1092 fenestram,
1121 1025 1155 1078 ut
1170 1017 1330 1080 uideretur

112 1124 211 1198 edisse,
236 1124 376 1204 proiecit.
422 1143 440 1186 a
463 1143 541 1186 cena
565 1123 688 1198 deinde,
712 1123 800 1205 quasi
823 1123 884 1186 iam
906 1123 981 1186 satis
997 1122 1027 1185 in
1044 1122 1186 1186 cubiculo
1203 1124 1327 1199 edisset,

111 1230 257 1294 abstinuit.
304 1228 404 1292 altero
434 1249 561 1311 quoque
591 1230 642 1292 die
673 1238 705 1293 et
735 1231 828 1292 tertio
860 1230 944 1292 idem
977 1228 1056 1294 lecit.
1101 1239 1229 1310 quartus
1260 1231 1328 1312 ipsa

111 1335 279 1399 infirmitate
311 1336 451 1418 corporis
483 1335 616 1398 iaciebat
648 1336 803 1399 indicium.
856 1334 1031 1417 conplexus
1062 1336 1166 1417 itaque
1197 1345 1245 1416 te,
1276 1358 1326 1400 ca-

110 1445 234 1518 rissima,
266 1443 380 1524 inquit,
412 1440 472 1504 lilia
503 1450 535 1504 et
564 1441 626 1504 hoc
658 1461 754 1504 unum
785 1449 855 1504 tota
885 1441 986 1504 celata
1017 1442 1095 1516 uita,
1127 1442 1184 1504 iter
1216 1445 1326 1508 mortis
1343 1467 1366 1506 u

110 1551 256 1630 ingressus
280 1568 349 1612 sum
374 1549 490 1612 etiam
515 1548 654 1611 medium
679 1547 742 1611 iere
766 1557 868 1610 teneo
908 1568 1056 1610 reuocare
1080 1567 1131 1610 me
1154 1569 1211 1612 nec
1227 1551 1326 1614 debes

110 1677 161 1719 nec
183 1665 283 1738 potes.
330 1663 425 1735 atque
447 1655 491 1717 ita
514 1655 598 1716 iussit
621 1653 726 1716 lumen
750 1674 846 1716 omne
862 1654 1019 1734 praecludi
1036 1663 1117 1716 etse
1132 1655 1162 1716 in
1179 1656 1326 1719 tenebras

84 1763 249 1827 tcondidit.
295 1761 425 1842 cognito
449 1760 578 1823 consilio
601 1761 666 1823 eius
688 1758 814 1842 publica
835 1759 980 1842 uoluptas
996 1768 1070 1834 erat,
1094 1761 1182 1842 quod
1199 1782 1216 1825 e
1231 1761 1324 1826 sauci-

109 1868 161 1932 bus
182 1867 431 1932 auidissimorum
455 1866 600 1948 luporum
617 1868 802 1929 educeretur
818 1867 945 1949 praeda.
984 1875 1181 1932 accusatores
1197 1877 1326 1932 auctore

109 1973 215 2038 Seiano
245 1976 364 2037 adeunt
396 1972 559 2036 consulum
590 1971 768 2049 tribunalia,
798 1981 968 2054 queruntur
997 1972 1077 2036 mori
1101 1973 1259 2049 Cordum,
1292 1984 1365 2036 utu

109 2079 333 2163 interpellarent
359 2079 446 2161 quod
470 2088 657 2160 coegerant,
680 2087 791 2140 orant:
827 2080 909 2141 adeo
933 2078 989 2141 illis
1014 2077 1137 2142 Cordus
1161 2080 1326 2144 uidebatur

81 2170 246 2268 teffugere.
292 2203 408 2266 magna
432 2195 570 2252 reserat
600 2186 630 2246 in
661 2185 861 2267 quaestione,
892 2205 931 2248 an
963 2185 1073 2248 mortis
1103 2186 1149 2248 iu's
1180 2187 1223 2248 rei
1254 2207 1324 2268 per-

108 2295 218 2357 derent.
270 2293 347 2356 dum
379 2291 584 2366 deliberatur,
624 2292 700 2354 dum
731 2301 929 2355 accusatores
960 2293 1071 2356 iterum
1102 2294 1235 2367 adeunt,
1274 2293 1325 2356 ille

108 2419 138 2464 se
166 2399 352 2462 absoluerat.
407 2399 551 2474 uidesne,
582 2397 714 2473 Marcia,
753 2407 890 2479 quantae
928 2397 1103 2479 iniquorum
1142 2407 1324 2481 temporum

109 2507 184 2568 uices
206 2526 247 2568 ex
272 2505 433 2587 inopinato
458 2504 623 2586 ingruant?
656 2503 720 2579 fles,
744 2505 830 2586 quod
854 2503 942 2566 alicui
958 2515 1084 2568 tuorum
1101 2505 1181 2568 mori
1196 2527 1325 2570 necesse
1341 2525 1367 2566 πο

12 2617 15 2632 ’
110 2610 178 2675 luit?
207 2632 308 2694 paene
332 2631 395 2674 non
419 2610 510 2674 licuit.

82 2729 93 2781 1
191 2719 303 2781 XXIII.
343 2718 470 2780 Praeter
500 2718 563 2780 hoc
590 2718 677 2799 quod
700 2737 796 2779 omne
819 2716 957 2780 {uturum
980 2719 1133 2780 incertum
1158 2727 1205 2781 est
1229 2729 1261 2782 et
1284 2721 1325 2783 ad

109 2825 255 2888 deteriora
286 2825 416 2898 certius,
448 2821 629 2886 facillimum
661 2825 701 2886 ad
732 2844 864 2908 superos
896 2823 953 2886 iter
984 2833 1032 2886 est
1061 2823 1172 2886 animis
1196 2827 1259 2888 cito
1284 2826 1325 2889 ab

108 2929 236 2994 humana
266 2931 507 2994 conuersatione
538 2931 679 2994 dimissis.
726 2931 889 2993 minimum
921 2931 1003 2992 enim
1034 2930 1127 2992 faecis
1152 2930 1322 3014 [ponderis]

108 3046 273 3102 traxerunt.
318 3047 488 3120 antequam
519 3039 768 3101 obdurescerent
800 3046 832 3100 et
855 3036 944 3100 altius
968 3047 1091 3100 terrena
1114 3038 1323 3121 conciperent,
1339 3057 1364 3098 as

108 3142 227 3219 liberati,
251 3143 384 3206 leuiores
408 3144 448 3206 ad
473 3145 626 3225 originem
649 3163 739 3206 suam
763 3142 906 3206 reuolant
928 3153 959 3206 et
976 3142 1091 3206 facilius
1107 3145 1260 3226 quidquid
1277 3155 1325 3215 est

114 3355 121 3406 l
141 3357 235 3406 baberet
259 3354 426 3410 deteriores:
453 3357 546 3406 habere
653 3357 668 3408 2
689 3362 711 3405 et
731 3356 780 3404 iam
806 3356 897 3405 laniare
914 3352 1120 3420 'intemperantius
1139 3352 1215 3410 Kocll
1238 3357 1323 3420 (etiam

109 3443 131 3492 in
147 3444 186 3494 illo
204 3446 308 3510 imperio
328 3445 403 3494 altum
423 3441 565 3514 Matium:
591 3445 665 3494 etiarn
686 3445 752 3494 illum
777 3445 933 3508 imperiatum
1037 3442 1091 3496 3si
1110 3445 1202 3494 uiueret
1220 3449 1240 3510 (t
1259 3441 1322 3510 del.)

193 3534 212 3583 si
231 3535 295 3584 mori
315 3531 479 3587 deteriores:
501 3534 520 3582 si
540 3541 619 3583 mone
721 3532 741 3604 5¹
756 3539 781 3583 etv
798 3530 909 3585 induxit
928 3529 1082 3602 Heusinger
1182 3531 1198 3585 6
1217 3533 1323 3583 dimissis

110 3617 261 3674 deteriores:
283 3623 366 3671 dimisi
463 3620 479 3673 7
498 3623 600 3672 edisses
690 3619 828 3688 proiecita
847 3637 925 3671 coena
943 3616 1006 3672 olim
1025 3625 1192 3674 correctum:
1214 3622 1323 3686 proiecta

110 3777 178 3811 acena
265 3763 444 3828 ilcomplexus
540 3763 570 3814 11
592 3715 667 3812 ellim
757 3763 807 3812 sere
826 3759 991 3816 deteriores:
1013 3737 1075 3812 ferre
1171 3762 1202 3816 13
1222 3764 1324 3828 cognito

110 3846 262 3905 deteriores:
284 3852 370 3916 cogito
456 3851 487 3903 14
508 3859 606 3902 auctore
619 3851 710 3901 Seiano
724 3849 782 3904 cod.
798 3851 889 3901 Seiano
903 3857 1003 3901 auctore
1015 3849 1097 3922 uulqo
1183 3849 1215 3903 15
1235 3853 1324 3914 adeunt

110 3935 262 3994 deteriores:
289 3942 380 3990 adeum
480 3945 505 3990 ut
524 3941 704 4004 interpellarent
723 3940 789 4004 quod
809 3945 941 4005 coegerant
960 3945 1031 3990 orant
1051 3936 1180 4009 Madut'q:
1207 3945 1232 3989 ut
1250 3941 1323 3990 inter-

110 4027 166 4090 pella
183 4031 246 4094 quod
267 4015 401 4095 coegerant
508 4028 537 4080 17
561 4046 592 4078 an
611 4031 696 4078 mortis
716 4029 751 4078 ius
769 4029 805 4078 rei
824 4030 952 4093 perderent
976 4025 1106 4097 Maduiq:
1134 4045 1166 4077 an
1185 4028 1270 4104 mortis
1289 4030 1323 4078 rei

110 4115 202 4176 pderent
266 4145 267 4150 =
292 4117 325 4169 19
345 4122 452 4182 quantae
470 4114 634 4171 deteriores:
656 4105 746 4182 quanta
837 4115 871 4168 20
893 4117 959 4166 uices
979 4113 1144 4172 deteriores:
1173 4118 1234 4167 uires

112 4255 139 4308 23
157 4217 229 4310 certbs
327 4257 362 4312 24
382 4259 441 4310 fecis
531 4261 647 4325 ponderis
665 4257 777 4312 induoet'l
794 4256 908 4311 Fickert
1003 4259 1036 4311 ‘25
1056 4227 1242 4308 obdurescerent
1262 4257 1322 4311 cod.

112 4345 246 4398 obducerent
275 4345 375 4416 numo,
406 4345 482 4416 quod
513 4345 626 4416 Madurp
659 4362 720 4400 cum
746 4343 864 4400 Erasmo
894 4345 921 4398 in
953 4347 1132 4398 obducerentur
1163 4344 1321 4400 mutandum

112 4431 160 4486 'esse
177 4435 307 4499 censebat,
329 4431 410 4488 Gertz
425 4450 455 4504 p.
476 4438 505 4488 31
528 4433 647 4504 quodam
665 4432 811 4505 hyperbati
825 4448 926 4502 qaaere
943 4436 1063 4487 excusat
