3234 5336
473 332 551 374 urna.
571 332 611 373 ru.
633 332 672 372 un
691 331 743 372 raa
763 333 816 375 ua
836 333 852 376 r.
874 337 892 376 1.
912 337 931 376 r.
1193 399 1198 406 .
1272 337 1312 400 37

102 479 189 540 lorum
210 497 244 540 se
266 478 353 560 ipsos
377 479 590 558 torquentium
614 497 725 553 sonuS,
764 479 899 559 gemitus
923 479 1124 560 mugitusque
1147 488 1179 542 et
1202 500 1314 562 parum

102 585 260 669 explanatis
284 585 416 646 uocibus
440 605 546 647 sermo
570 593 757 668 praeruptus
789 593 820 647 et
852 585 1023 668 conplosae
1054 586 1178 667 saepius
1202 605 1314 648 manus

102 703 128 754 et
154 690 269 774 pulsata
300 692 415 754 humus
447 691 582 773 pedibus
613 701 645 753 et
675 701 780 754 totum
813 693 971 754 concitum
1004 713 1119 774 corpus
1151 711 1314 772 nugasque

102 799 202 861 delirae
224 799 336 861 mentis
360 818 466 880 agens,
498 797 594 861 foeda
616 799 684 860 uisu
708 807 740 861 et
771 797 929 860 horrenda
959 798 1053 860 iacies
1076 797 1314 880 deprauantium

75 915 130 967 ase
150 914 237 985 atque
260 905 543 968 intumescentium.
589 905 709 966 nescias
737 913 841 967 utrum
870 905 970 985 magis
994 904 1181 967 detestabile
1205 901 1313 967 uitium
1343 926 1354 964 s

101 1013 189 1073 sitan
211 1009 363 1073 deforme.
410 1021 515 1072 cetera
544 1009 617 1073 licet
648 1012 846 1073 abscondere
870 1019 902 1073 et
932 1011 963 1072 in
994 1011 1105 1073 abdito
1137 1011 1239 1074 alere:
1270 1011 1314 1074 ira

101 1139 129 1179 se
156 1117 269 1198 profert
301 1127 334 1179 et
365 1119 396 1179 in
426 1116 537 1179 faciem
562 1117 638 1192 exit,
668 1127 852 1198 quantoque
883 1118 1001 1192 maior,
1040 1117 1102 1179 hoc
1140 1117 1314 1180 efferuescit

101 1223 284 1286 manifestius.
323 1244 388 1286 non
412 1224 499 1286 uides
523 1233 558 1286 ut
578 1224 719 1285 omnium
743 1221 931 1298 animalium,
955 1221 1046 1286 simul
1070 1226 1111 1286 ad
1132 1224 1313 1286 nocendum

100 1331 326 1407 insurrexerunt,
341 1339 544 1412 praecurrant
559 1339 655 1392 notae
679 1350 715 1392 ac
731 1340 800 1393 tota
816 1351 951 1411 corpora
966 1329 1092 1392 solitum
1108 1332 1314 1411 quietumque

74 1437 443 1517 degredianturhabitum
468 1446 500 1499 et
515 1436 671 1499 feritatem
695 1457 785 1499 suam
807 1434 1021 1517 exasperent?
1060 1446 1208 1517 spumant
1231 1437 1313 1518 apris
1330 1459 1353 1500 ιο

99 1564 153 1617 ora,
174 1545 283 1606 dentes
306 1553 459 1606 acuuntur
482 1544 607 1618 adtritu,
630 1552 793 1605 taurorum
810 1563 927 1604 cornua
948 1543 1101 1605 iactantur
1124 1544 1154 1605 in
1178 1562 1312 1604 uacuum

100 1659 125 1711 et
146 1649 256 1711 harena
277 1649 371 1731 pulsu
385 1651 505 1732 pedum
529 1651 694 1730 spargitur,
718 1649 826 1712 leones
849 1644 993 1719 tremunt.
1017 1649 1161 1711 inflantur
1185 1650 1313 1711 inritatis

100 1755 168 1818 colla
189 1757 394 1838 serpentibus,
418 1757 598 1819 rabidarum
623 1776 735 1818 canum
766 1756 861 1819 tristis
892 1758 1061 1837 adspectus
1092 1764 1158 1818 est:
1193 1755 1313 1817 nullum
1341 1787 1345 1795 =

100 1872 140 1923 est
160 1862 269 1924 animal
301 1871 368 1924 tam
398 1862 593 1924 horrendum
624 1872 691 1924 tam
722 1863 997 1943 perniciosumque
1027 1871 1153 1937 natura,
1185 1871 1219 1925 ut
1249 1881 1314 1923 non

74 1978 235 2050 tappareat
258 1970 287 2030 in
316 1969 383 2045 illo,
414 1969 506 2031 simul
536 1969 581 2030 ira
611 1969 735 2043 inuasit,
772 1988 874 2030 nouae
902 1968 1031 2030 feritatis
1062 1969 1207 2030 accessio.
1254 1989 1313 2030 nec
1330 1993 1352 2032 u

99 2075 199 2156 ignoro
223 2084 347 2138 ceteros
370 2095 498 2156 quoque
521 2074 663 2137 adfectus
687 2075 741 2136 uix
765 2074 922 2152 occultari,
945 2074 1105 2136 libidinem
1130 2083 1314 2155 metumque

101 2191 127 2242 et
147 2183 305 2244 audaciam
330 2184 407 2244 dare
430 2183 476 2244 sui
499 2183 589 2262 signa
612 2191 644 2243 et
676 2201 771 2263 posse
802 2181 972 2262 praenosci.
1018 2201 1120 2262 neque
1145 2181 1227 2242 enim
1252 2179 1314 2242 ulla

101 2287 303 2350 uehementior
326 2289 408 2349 intra
430 2289 571 2368 agitatio,
594 2308 675 2368 quae
698 2286 772 2350 nihil
796 2296 924 2349 moueat
946 2289 977 2348 in
994 2287 1089 2349 uoltu.
1135 2289 1210 2368 quid
1234 2308 1312 2368 ergo

101 2395 233 2456 interest?
280 2397 369 2476 quod
392 2395 441 2457 alii
464 2394 606 2458 adlectus
629 2403 790 2475 apparent,
814 2393 864 2455 hic
888 2395 1013 2478 eminet

78 2511 86 2561 l
178 2500 213 2562 ll.
244 2505 312 2562 Iam
344 2521 420 2563 uero
449 2502 473 2563 si
505 2501 635 2563 effectus
666 2502 731 2563 eius
763 2502 943 2581 damnaque
973 2501 1084 2562 intueri
1115 2499 1208 2576 ueliS,
1232 2500 1315 2562 nulla
1329 2520 1355 2561 ‘20

101 2607 184 2688 pestis
205 2608 347 2668 humano
371 2609 477 2687 generi
506 2607 602 2689 pluris
632 2607 726 2669 stetit.
774 2607 895 2668 uidebis
927 2609 1041 2668 caedes
1072 2627 1109 2668 ac
1139 2628 1260 2669 uenena
1284 2616 1316 2669 et

102 2733 213 2775 reorum
237 2722 363 2775 mutuas
386 2715 498 2776 sordes
522 2723 554 2776 et
570 2714 694 2776 urbium
718 2713 825 2775 clades
849 2723 881 2775 et
904 2721 1044 2775 totarum
1061 2714 1158 2776 exitia
1174 2715 1314 2794 gentium

102 2830 128 2881 et
153 2820 324 2901 principum
356 2821 416 2882 sub
447 2819 525 2881 ciuili
556 2819 648 2883 hasta
679 2819 783 2902 capita
815 2819 935 2882 uenalia
967 2829 999 2882 et
1029 2813 1185 2882 subiectas
1225 2820 1315 2882 tectis

102 2924 174 2988 laces
195 2947 252 2989 nec
275 2927 357 2988 intra
373 2926 497 2988 moenia
513 2927 668 2988 coercitos
689 2926 777 3006 ignes
801 2924 857 2987 sed
878 2927 1017 3006 ingentia
1032 2927 1134 3006 spatia
1150 2927 1316 3006 regionum

76 3031 193 3095 ihostili
215 3033 346 3095 flamma
368 3032 545 3096 relucentia.
591 3034 720 3114 adspice
736 3032 1002 3095 nobilissimarum
1019 3032 1179 3094 ciuitatum
1203 3031 1312 3094 funda·
1329 3051 1355 3091 aa

103 3147 197 3200 menta
218 3141 272 3201 uix
297 3138 465 3202 notabilia:
490 3137 549 3201 has
572 3141 616 3201 ira
632 3139 753 3200 deiecit.
785 3139 912 3219 adspice
937 3138 1120 3202 solitudines
1144 3159 1200 3221 per
1216 3139 1316 3201 multa

102 3243 174 3306 milia
195 3247 259 3307 sine
282 3245 463 3312 habitatore
487 3247 659 3308 desertas:·
675 3244 732 3307 has
756 3246 800 3307 ira
823 3246 978 3308 exhausit.
1024 3246 1153 3326 adspice
1176 3255 1225 3308 tot
1249 3265 1315 3307 me-

132 3370 149 3375 .-
167 3371 301 3378 ——.-.

103 3437 115 3488 :t
131 3455 247 3504 nugasque
272 3440 365 3489 delirae
389 3441 477 3488 mentis
499 3435 589 3492 Koch:
617 3455 768 3504 magnasque
793 3440 845 3488 irae
870 3441 949 3488 minas
974 3437 1034 3492 eod.
1059 3455 1210 3504 magnasque
1235 3440 1317 3502 ruinas

103 3521 216 3598 Meduip,
235 3544 387 3592 magnasque
405 3545 448 3578 ore
466 3545 565 3592 spumas
583 3526 678 3596 Haupt
773 3526 867 3590 titeda
888 3553 892 3562 ·
962 3527 977 3579 5
998 3529 1057 3593 adq;
1159 3529 1226 3579 uicill

103 3613 116 3664 ti
132 3622 153 3664 et
169 3617 193 3664 in
211 3618 297 3666 abdito
311 3613 438 3686 plerique
457 3615 533 3670 libri:
556 3623 579 3666 et
598 3617 684 3666 abdito
811 3616 826 3668 9
846 3617 1014 3683 praecurrant]
1035 3623 1180 3680 procurrant
1198 3631 1258 3668 eum
1271 3633 1316 3669 ue-

103 3703 246 3758 tustioribus
264 3702 428 3758 editionibus
447 3703 543 3758 maluit
563 3702 644 3758 Gertz
670 3703 721 3758 sed
744 3703 815 3758 illud
839 3708 929 3757 tuetur
949 3702 1090 3758 Schultess
1108 3704 1216 3758 conlato
1235 3721 1261 3759 u.
1285 3709 1314 3758 tl
1375 3759 1378 3767 ,

103 3796 219 3854 praenosci
226 3812 233 3852 ;
254 3791 291 3862 cs,
309 3800 455 3863 praeterea
474 3810 535 3864 epp.
551 3798 592 3860 tl,
612 3795 643 3845 33
664 3795 875 3859 quemadmodum
893 3796 919 3843 in
938 3795 1083 3859 corporibus
1102 3795 1227 3859 languosis
1245 3796 1317 3860 signa

104 3890 247 3942 praecurrunt
359 3885 514 3948 quietumque
533 3882 629 3936 ceteri:
650 3889 711 3948 qetu
828 3883 862 3936 12
882 3899 955 3932 arena
1064 3884 1163 3932 irritatis
1284 3883 1317 3936 14

104 3973 146 4018 tarn
164 3971 381 4038 perniciosumque]
402 3969 436 4025 de
454 3970 506 4024 due
523 3968 683 4042 particulae
701 3988 748 4037 que
767 3969 964 4038 conlocatione,
989 3969 1023 4024 ab
1046 3969 1196 4025 editoribus
1213 3979 1316 4041 spreta,

101 4054 134 4122 ts.
151 4056 257 4113 eirenae
274 4059 313 4112 ad
332 4058 384 4114 Cic.
405 4059 439 4112 de
457 4075 497 4113 or.
521 4065 543 4124 l,
565 4064 587 4128 1,
614 4063 637 4126 2,
663 4059 787 4114 ulricum
806 4058 862 4113 alia
881 4057 1067 4130 exemplarem
1087 4057 1156 4114 libro
1175 4059 1235 4125 uto,
1262 4068 1318 4114 tum

106 4144 125 4206 l,
144 4147 188 4209 ³3,
211 4149 259 4200 1⁴2
278 4154 358 4198 tantos
377 4155 428 4198 tam
447 4150 670 4214 praecipitatosque
689 4166 758 4199 casus
778 4146 873 4216 adfert
982 4148 1013 4200 15
1034 4166 1113 4199 nouae
1132 4147 1233 4218 Neop:
1254 4167 1319 4203 noue

106 4233 161 4295 (uon
178 4236 251 4304 noua)
270 4235 329 4292 eod.
421 4237 453 4290 16
473 4233 550 4288 affect'
644 4239 677 4290 td
696 4239 799 4303 agitatio
812 4234 941 4307 Muduip:
963 4239 1083 4302 cogitatio
1103 4237 1162 4292 eod.
1183 4241 1318 4292 concitatio

108 4335 180 4393 Gertz
273 4349 307 4393 est
323 4348 388 4413 post
406 4345 525 4409 cogitatio
544 4344 673 4397 euriacum
770 4345 836 4393 uultu
928 4344 960 4397 19
986 4330 1055 4394 ali-tus
1151 4343 1185 4398 20
1204 4347 1316 4413 dapnaqr

201 4430 233 4483 23
253 4439 304 4481 asta
410 4433 444 4485 27
463 4434 546 4498 aspice
