3212 5326
286 370 327 432 48
667 371 747 414 DIAL.
763 368 803 410 111.
819 369 859 408 DE
875 369 926 409 lRA
942 369 994 410 LlB.
1010 369 1027 412 l.
1042 375 1076 412 14.
1092 372 1124 411 15.
1184 407 1189 420 ,

374 513 461 575 XIV.
493 514 567 576 Non
605 523 728 596 potest,
760 517 875 596 inquit,
906 515 973 576 fieri
998 513 1276 595 [Theophrastus],
1307 523 1341 576 ut
1369 535 1434 576 non
1467 517 1539 576 uiri

284 619 387 681 bonus
416 621 566 682 irascatur
598 620 695 684 malis.
742 623 803 684 isto
836 623 937 684 modo
969 643 1032 704 quo
1057 621 1167 682 melior
1189 623 1334 702 quisque,
1365 620 1430 683 hoc
1453 623 1509 682 ira·
1597 607 1598 664 i

286 728 417 788 cundior
445 729 521 789 erit:
556 729 628 790 uide
660 743 700 789 ne
731 737 840 790 contra
870 727 1022 809 placidior
1052 728 1236 808 solutusque
1266 727 1443 789 adfectibus
1473 730 1512 790 sit

286 845 318 896 et
342 836 390 895 cui
413 854 509 896 nemo
533 835 607 897 odio
631 837 679 900 sit.
724 837 883 916 peccantis
907 857 983 897 uero
1006 836 1081 918 quid
1104 835 1203 897 habet
1225 855 1279 896 cur
1302 835 1414 908 oderit,
1440 838 1540 897 euml
1597 883 1598 886 ,

259 961 373 1002 sertor
396 941 464 1003 illos
487 943 518 1003 in
541 943 696 1004 eiusmodi
717 926 834 1003 'delicta
857 940 1034 1024 conpellat?
1062 962 1126 1003 non
1150 951 1198 1008 est
1221 951 1327 1003 autem
1350 943 1512 1022 prudentis
1597 947 1598 950 ’

286 1048 416 1109 errantis
447 1049 552 1110 odisse
564 1075 571 1123 ;
605 1048 721 1130 alioqui
751 1050 818 1129 ipse
850 1048 909 1110 sibi
940 1048 1014 1111 odio
1038 1049 1105 1112 erit.
1151 1049 1271 1129 cogitet
1293 1069 1389 1130 quam
1413 1047 1513 1110 multa

286 1162 396 1214 contra
412 1155 534 1217 bonum
551 1175 673 1217 morem
690 1155 789 1230 iaciat,
813 1176 908 1235 quam
926 1154 1025 1217 multa
1049 1175 1091 1216 ex
1114 1154 1162 1217 his
1185 1175 1265 1236 quae
1289 1156 1363 1235 egit,
1387 1155 1511 1215 ueniam

286 1261 482 1321 desiderent:
524 1262 586 1322 iam
624 1263 773 1322 irascetur
805 1263 900 1322 etiam
931 1262 998 1324 sibi.
1043 1281 1146 1342 neque
1177 1263 1260 1323 enim
1290 1281 1384 1322 aecus
1415 1261 1512 1322 iudex

284 1366 377 1427 aliam
409 1369 450 1428 de
482 1389 553 1442 sua,
592 1368 684 1428 aliam
725 1369 766 1428 de
805 1367 905 1430 aliena
942 1388 1036 1428 causa
1066 1369 1253 1430 sententiam
1292 1365 1358 1429 sert.
1406 1370 1539 1441 nemo,3

247 1486 271 1527 10
285 1473 421 1553 inquam,
445 1475 620 1536 inuenietur
643 1475 696 1555 qui
719 1494 753 1535 se
777 1475 876 1556 possit
900 1473 1072 1536 absoluere.
1110 1483 1142 1535 et
1157 1475 1357 1536 innocentem
1382 1474 1512 1555 quisque
1597 1453 1598 1472 ¹

284 1599 319 1639 se
350 1579 424 1640 dicit
456 1582 624 1662 respiciens
654 1561 795 1656 testem,
818 1601 882 1642 non
913 1581 1147 1645 conscientiam.
1197 1589 1316 1660 quanto
1348 1578 1512 1642 humanius

285 1687 395 1747 mitem
426 1695 458 1747 et
494 1688 630 1769 patrium
669 1687 809 1748 animum
848 1695 1009 1769 praestare
1049 1686 1252 1768 peccantibus
1284 1694 1316 1748 et
1346 1684 1417 1748 illos
1449 1707 1512 1747 non

284 1793 437 1872 persequi,
462 1794 519 1853 sed
543 1798 711 1855 reuocare!
739 1802 895 1856 errantem
918 1813 974 1875 per
991 1813 1085 1874 agros
1108 1794 1285 1883 ignorantia
1309 1793 1378 1854 uiae
1402 1792 1511 1854 melius

285 1907 333 1959 est
356 1900 398 1960 ad
421 1908 543 1960 rectum
566 1901 625 1961 iter
643 1901 821 1984 'admouere
844 1920 939 1982 quam
964 1899 1133 1982 expellere.

247 2035 270 2073 n
374 2005 446 2068 XV.
472 2005 685 2086 Corrigendus
709 2015 757 2068 est
785 2008 906 2086 itaque,
937 2007 989 2088 qui
1012 2015 1139 2088 peccat,
1170 2015 1202 2067 et
1233 2005 1449 2068 admonitione
1481 2008 1538 2066 111

285 2113 323 2184 ui,
347 2120 379 2172 et
403 2111 539 2174 molliter
552 2122 594 2188 ¹et
617 2133 744 2194 aspere,
773 2113 953 2232 meliorque·
970 2123 1036 2174 tam
1060 2112 1120 2175 sibi
1142 2133 1238 2194 quam
1261 2111 1327 2174 aliis
1351 2112 1523 2174 faciendus

230 2199 232 2203 ,
284 2239 349 2279 non
372 2220 438 2279 sine
462 2220 683 2299 castigatione,
715 2220 773 2281 sed
804 2221 870 2280 sine
900 2220 952 2282 ira.
999 2221 1066 2299 quis
1098 2221 1181 2281 enim
1213 2220 1261 2280 cui
1284 2219 1461 2281 medetur
1453 2238 1508 2279 rra-

285 2326 399 2387 scitur?
431 2334 464 2386 at
495 2327 608 2405 corrigi
639 2333 798 2407 nequeunt
829 2324 1004 2406 nihilque
996 2345 1027 2388 m
1057 2324 1115 2388 illis
1145 2325 1216 2386 lene
1240 2334 1293 2386 aut
1316 2326 1384 2406 spei
1406 2323 1510 2386 bonae
1597 2351 1598 2434 1

285 2452 388 2512 capax
427 2441 493 2493 est:
540 2430 689 2492 tollantur
727 2452 745 2492 e
783 2440 877 2492 coetu
843 2431 1096 2493 tmortalium
1135 2431 1244 2493 facturi
1282 2432 1392 2512 peiora
1431 2449 1509 2512 quae
1597 2441 1598 2508 1

244 2564 270 2602 no
284 2539 483 2618 contingunt,
515 2546 546 2598 et
576 2558 640 2617 quo
672 2558 734 2598 uno
766 2539 865 2599 modo
894 2548 1027 2619 possunt
1059 2539 1203 2600 desinant
1233 2537 1307 2599 mali
1339 2557 1422 2613 esse,
1455 2538 1508 2598 sed

283 2645 347 2705 hoc
369 2645 435 2705 sine
459 2644 544 2710 odio.
587 2644 661 2724 quid
686 2645 770 2705 enim
794 2653 856 2720 est,
879 2664 933 2706 cur
956 2646 1078 2707 oderim
1103 2665 1184 2718 eum,
1208 2645 1256 2706 cui
1278 2653 1348 2726 tum
1372 2646 1539 2706 maximet

284 2770 421 2831 prosum,
446 2771 518 2811 curn
542 2749 627 2811 illum
651 2751 709 2812 sibi
732 2751 850 2831 eripio?
889 2771 964 2812 num
996 2752 1065 2832 quis
1089 2751 1234 2812 membra
1256 2771 1313 2812 sua
1335 2759 1412 2812 tunc
1436 2752 1509 2822 odit,

284 2876 355 2918 cum
378 2857 532 2918 abscidit?
570 2877 635 2918 non
666 2867 714 2920 est
738 2857 789 2917 illa
811 2858 871 2932 ira,
903 2859 960 2918 sed
991 2859 1105 2919 misera
1136 2853 1263 2918 curatio
1309 2856 1440 2918 rabidos
1469 2856 1508 2918 es-

284 2963 419 3043 fligimus
451 2983 545 3025 canes
576 2973 608 3025 et
639 2970 760 3025 trucem
792 2972 886 3044 atque
925 2965 1158 3025 inmansuetum
1189 2964 1306 3025 bouem
1339 2964 1508 3026 occidimus
1555 3020 1557 3023 ,

243 3091 268 3131 aa
283 3078 316 3130 et
347 3069 500 3130 morbidis
531 3068 713 3149 pecoribus,
744 3091 785 3131 ne
816 3090 948 3150 gregem
971 3069 1130 3151 polluant,
1162 3068 1277 3130 ferrum
1310 3067 1507 3132 demittimus.

283 3183 487 3256 portentosos
503 3174 584 3236 letus
600 3177 821 3256 extinguimus,
845 3173 960 3238 libeios
976 3197 1111 3258 quoque,
1135 3177 1160 3238 si
1181 3175 1302 3236 debiles
1326 3177 1505 3238 monstrosi-

283 3301 344 3362 que
368 3281 443 3343 editi
466 3290 555 3355 sunt,
587 3282 767 3362 mergimus.
812 3284 955 3356 neena,
989 3263 1047 3344 sed
1071 3285 1150 3344 ratio
1175 3291 1223 3344 est
1246 3301 1265 3342 a
1287 3283 1371 3343 sanis
1396 3284 1507 3346 inutilia

282 3408 454 3450 secernere.
497 3387 540 3450 nil
564 3389 664 3448 minus
687 3408 783 3469 quam
806 3389 894 3450 irasci
917 3390 1100 3470 punientem
1124 3391 1225 3463 decet,
1249 3408 1321 3448 cum
1345 3409 1385 3450 eo
1410 3388 1536 3470 magis3

283 3496 324 3555 ad
356 3480 612 3556 emendationem
643 3514 747 3575 poena
779 3494 936 3576 proficiat,
973 3496 998 3556 si
1028 3495 1140 3558 iudicio
1172 3494 1235 3556 lata
1267 3503 1315 3555 est
1346 3496 1505 3558 sententia.

243 3621 268 3661 30
282 3600 355 3661 inde
386 3610 449 3674 est,
480 3602 568 3682 quod
593 3600 742 3662 Socrates
764 3622 857 3663 seruo
889 3603 949 3663 ait:
984 3603 1152 3664 caederem
1183 3611 1232 3677 te,
1264 3601 1321 3661 nisi
1354 3605 1505 3664 irascerer.

282 3707 533 3771 admonitionem
566 3708 646 3767 serui
679 3708 710 3767 in
741 3717 866 3789 tempus
904 3709 1009 3769 sanius
1041 3709 1103 3769 dist
1104 3708 1174 3783 ulit,
1212 3708 1264 3770 illo
1298 3719 1443 3790 tempore
1472 3729 1505 3768 se

282 3813 465 3875 admonuit:
500 3814 585 3874 cuius
616 3815 674 3875 erit
707 3814 794 3894 [tam]
834 3823 1028 3896 temperatus
1059 3813 1213 3890 adlectus,
1253 3837 1325 3878 cum
1358 3815 1504 3878 Socrates

281 3940 345 3980 non
369 3921 409 3981 sit
432 3939 524 3980 ausus
548 3939 583 3980 se
606 3921 669 3981 irae
693 3921 913 3981 committere?

284 4250 364 4306 Gertz
455 4212 599 4318 4peccalis
699 4252 1371 4322 811111((11111111111111111(1)1211111111
1469 4253 1502 4307 21

282 4378 341 4441 adq3
422 4377 570 4442 2611111111
642 4376 915 4446 monstrosq·(1·.fort
936 4395 969 4430 m.
984 4376 1042 4446 pr.)
1116 4378 1149 4432 29
1169 4380 1229 4447 lata]
1249 4382 1362 4446 inrogata
1382 4377 1500 4446 Madvig,

281 4465 357 4514 inlata
372 4460 462 4518 Gertz
516 4468 636 4516 sententia
654 4463 762 4518 addidit
782 4462 858 4518 110111
928 4467 962 4519 32
982 4475 1031 4517 tam
1051 4483 1102 4523 om.
1124 4466 1198 4535 ΕΙ,
1192 4484 1243 4518 ram
1265 4466 1347 4522 Gertz
1407 4469 1501 4518 aflectus

282 4130 377 4196 linqd
455 4136 591 4194 teoprastus
670 4127 773 4182 Nomen
792 4130 883 4183 omisit
873 4129 1049 4183 lTaruisina
1126 4131 1270 4190 3affectib;
1350 4134 1380 4182 sit
1399 4129 1504 4184 addidit

1597 4257 1598 4298 1

1597 5097 1598 5188 1
