3234 5336
384 379 539 424 ACCIDANT
558 381 622 424 CVM
641 380 847 424 PROVIDENTIA
867 381 922 427 SlT.
941 381 1019 427 v.v1.
1267 391 1305 452 13

88 547 190 590 cursus
215 527 311 589 uehit.
357 523 406 589 ille
429 527 495 608 ipse
519 527 661 590 omnium
685 527 831 590 conditor
854 537 886 591 et
910 537 1013 594 rector
1035 529 1157 612 scripsit
1180 531 1306 612 quidem

60 639 71 688 1
86 633 150 710 lata,
175 633 234 696 sed
257 633 405 716 seqnitur·
450 651 577 716 semper
599 643 697 716 paret,
721 633 820 698 semel
843 635 938 698 iussit.
984 655 1081 717 quare
1106 646 1213 702 tamen
1229 636 1307 700 deus

85 750 144 804 tam
169 740 293 822 iniquus
316 740 347 802 in
370 739 588 803 distributione
611 739 665 804 lati
688 740 753 816 fuit,
777 749 811 803 ut
833 741 926 804 bonis
950 741 1021 806 uiris
1037 752 1258 826 paupertatem
1275 753 1307 806 et

86 847 209 912 uolnera
241 855 274 911 et
296 845 412 910 acerba
434 845 542 910 lunera
565 846 775 910 adscriberet?
823 867 886 910 non
911 857 1019 930 potest
1049 848 1162 912 artifex
1186 860 1308 913 mutare
1381 887 1384 896 ·

87 954 262 1017 materiam:
304 952 368 1017 hoc
389 973 483 1036 passa
514 962 569 1018 est.
615 956 773 1034 quaedam
804 955 941 1036 separari
972 975 991 1016 a
1023 955 1211 1037 quibusdam
1243 975 1334 1019 nona

87 1070 221 1142 possunt,
246 1061 426 1136 cohaerent,
450 1060 609 1124 indiuidua
631 1069 720 1124 sunt:
754 1059 903 1141 languida
926 1062 1050 1142 ingenia
1065 1071 1098 1124 et
1113 1063 1143 1124 in
1158 1082 1306 1126 somnum

87 1170 158 1231 itura
174 1175 230 1230 aut
246 1169 277 1230 in
293 1167 428 1247 uigiliam
446 1187 560 1230 somno
577 1166 765 1230 simillimam
781 1167 931 1230 inertibus
953 1178 1119 1231 nectuntur
1136 1169 1306 1234 elementis.

88 1286 115 1338 ut
142 1273 296 1338 efficiatur
325 1274 371 1337 uir
402 1294 472 1336 curn
505 1293 579 1336 cura
609 1274 775 1348 dicendus,
808 1271 936 1337 fortiore
960 1273 1013 1336 filo
1037 1295 1117 1357 opus
1140 1285 1196 1339 est.
1243 1295 1306 1339 non

87 1382 135 1444 erit
166 1379 208 1444 illi
240 1380 369 1462 planum
400 1381 466 1442 iter.
512 1399 634 1442 sursum
658 1388 787 1463 oportet
810 1401 847 1444 ac
870 1381 1019 1444 deorsum
1044 1391 1109 1456 eat,
1140 1381 1307 1446 fluctuetur

88 1507 117 1550 ac
146 1487 307 1568 nauigium
339 1487 369 1548 in
399 1486 529 1550 turbido
552 1495 650 1568 regat.
696 1494 807 1549 contra
830 1485 987 1550 io'rtunam
1014 1487 1054 1548 illi
1078 1489 1233 1551 tenendus
1256 1497 1305 1552 est
1321 1507 1345 1546 ro

87 1614 193 1656 cursus
243 1592 343 1656 multa
366 1594 509 1656 accident
524 1591 609 1668 dura,
633 1611 752 1674 aspera,
777 1592 832 1655 sed
849 1613 931 1674 quae
954 1593 1074 1656 molliat
1090 1603 1122 1656 et
1138 1595 1306 1676 conplanet

53 1711 73 1760 111
87 1701 153 1782 ipse.
206 1701 287 1781 ignis
318 1717 428 1762 aurum
460 1698 587 1780 probat,
612 1699 735 1762 miseria
761 1698 859 1762 fortes
885 1700 975 1762 uiros.
1023 1700 1095 1762 uide
1119 1721 1215 1781 quam
1243 1701 1306 1764 alte

88 1809 250 1872 escendere
275 1805 392 1870 debeat
415 1805 527 1870 uirtus:
568 1807 646 1870 scies
671 1805 710 1868 illi
734 1825 798 1868 non
822 1826 879 1888 per
901 1826 1011 1869 secura
1034 1808 1225 1870 uadendum.

286 1917 384 1976 ardna
399 1917 498 1994 primo
521 1917 571 1974 uia
593 1923 634 1974 cst
655 1923 682 1974 et
702 1935 788 1992 qnam
812 1917 863 1974 ue'ee
886 1935 969 1974 neone
991 1924 1110 1976 recentes

285 2007 428 2064 cernentur
450 2007 520 2080 equi.
566 2005 656 2064 medio
679 2013 720 2064 est
741 2006 881 2064 altissimo
904 2007 988 2078 coelo,

286 2094 358 2152 unde
381 2113 461 2153 more
483 2101 510 2151 et
531 2101 624 2152 terras
647 2095 702 2170 ipsi
722 2095 794 2151 nn'lre'
814 2103 895 2172 saepe
918 2094 1015 2152 nidere

285 2184 323 2240 sit
343 2184 429 2240 terreor
450 2190 477 2239 et
492 2183 604 2258 pauido
626 2183 743 2260 trepidet
755 2184 918 2260 formidine
941 2189 1043 2247 orrens.

285 2271 387 2329 ultimo
404 2279 500 2348 prono
524 2271 573 2328 nia
596 2278 637 2329 est
658 2280 685 2329 el
706 2277 765 2344 eget
786 2272 975 2330 moderamine
998 2278 1079 2329 certo.

250 2355 254 2364 ’
284 2369 350 2418 tnnc
374 2361 456 2417 etiem
480 2378 554 2434 quoe
576 2378 620 2418 me
641 2361 768 2418 subiectis
791 2361 894 2436 exeipit
915 2360 1005 2432 undis,

286 2468 320 2506 ne
334 2449 428 2526 seror
449 2449 478 2506 e'n
498 2456 639 2525 praeceps,
670 2449 771 2524 Tethys
793 2450 863 2507 solet
883 2451 941 2506 imo
964 2449 1064 2510 uereri.

55 2557 72 2608 11
90 2553 160 2616 haec
190 2574 262 2616 cum
294 2554 433 2615 audisset
455 2551 505 2614 ille
528 2571 700 2634 generosus
723 2551 921 2628 adulescens,
953 2551 1072 2633 placet,
1096 2551 1210 2633 inquit,
1233 2553 1302 2615 uia:

90 2660 227 2724 escendo,
275 2668 324 2722 est
354 2658 430 2721 tanti
460 2679 516 2740 per
547 2659 605 2722 ista
632 2659 676 2722 ire
705 2679 824 2722 casuro,
869 2679 933 2721 non
965 2659 1077 2721 desinit
1108 2657 1212 2720 ac'rem
1241 2660 1304 2720 ani-

91 2787 169 2830 mum
193 2776 280 2830 metu
303 2766 462 2828 territare:

285 2881 370 2950 utque
392 2876 469 2932 niam
494 2881 588 2932 teneas
610 2874 742 2950 nulloque
764 2891 859 2932 errore
881 2874 1019 2947 nonoris,

283 2973 337 3040 per
357 2971 451 3022 tomen
474 2962 590 3022 aduersi
607 2963 749 3036 gradieris
772 2981 879 3021 cornua
902 2964 983 3020 tauri
1321 2991 1347 3032 ῃ,

289 3053 515 3128 Haemoniosque
538 3069 623 3110 orcus
645 3047 814 3126 ualentique
836 3070 889 3109 oro
913 3052 1006 3110 leonis.

92 3165 158 3236 post
191 3155 270 3220 haec
300 3157 361 3219 ait:
401 3155 497 3236 iunge
528 3154 621 3216 datos
657 3174 779 3218 currus.
844 3154 891 3217 his
930 3155 1043 3236 quibus
1075 3155 1224 3218 deterreri
1256 3175 1307 3218 me

92 3273 187 3342 putas,
210 3263 330 3328 incitor.
376 3261 452 3324 libet
475 3260 533 3324 illic
556 3271 639 3324 stare
670 3260 723 3322 ubi
754 3261 820 3344 ipse
843 3261 900 3324 Sol
931 3263 1075 3348 trepidat.
1129 3260 1253 3324 humilis
1276 3272 1307 3324 et

93 3370 188 3433 inertis
211 3377 260 3432 est
282 3377 351 3432 tuta
373 3369 503 3432 sectari:
530 3388 585 3450 per
609 3367 672 3430 alta
695 3368 791 3430 uirtus
815 3369 846 3431 it.
968 3355 974 3362 ³

70 3477 75 3526 1
174 3477 227 3541 Vl.
260 3475 368 3558 Quare
390 3485 497 3538 tamen
520 3475 612 3537 bonis
636 3475 706 3537 uiris
729 3476 845 3556 patitur
868 3473 984 3556 aliquid
1016 3474 1088 3537 mali
1121 3475 1197 3536 deus
1225 3473 1307 3538 fieri?
1322 3509 1347 3548 Ἤ.

93 3581 137 3642 ille
165 3604 238 3646 uero
270 3603 335 3645 non
365 3582 488 3664 patitur.
535 3582 640 3644 omnia
672 3580 754 3644 mala
784 3580 825 3644 ab
857 3580 913 3644 illis
946 3582 1096 3655 remouit,
1127 3580 1245 3652 scelera
1275 3589 1308 3643 et

95 3779 108 3822 :t
127 3777 190 3827 luitut
207 3778 233 3830 in
254 3793 309 3831 ras.
389 3775 404 3827 l
424 3775 521 3826 uulnere
601 3776 745 3824 asscriberet
818 3773 833 3822 ι’)
853 3775 902 3824 hoc
922 3791 994 3838 passa
1013 3780 1048 3824 est
1066 3771 1091 3827 Ιι.
1105 3789 1127 3844 e.
1147 3789 1200 3826 lton
1218 3777 1308 3842 potest

95 3879 143 3918 non
156 3881 210 3920 esse
222 3865 344 3920 obnooee'o
355 3862 489 3918 eiusmodi
501 3861 579 3917 recolis
586 3881 596 3928 ;
615 3862 650 3944 eff
666 3861 700 3917 de
713 3863 755 3915 iro
769 3865 792 3925 3,
807 3865 849 3924 28,
865 3866 879 3913 :l
948 3865 963 3912 n
977 3864 1093 3913 coherent
1153 3862 1168 3916 Ῐ
1183 3868 1308 3912 nectuntur

96 3951 152 4016 (tunt
164 3953 188 4008 in
200 3957 267 4022 ras.)
328 3954 406 4003 ttfilo
420 3950 511 4007 Koch:
533 3953 584 4003 sato
651 3952 681 4004 ltl
701 3969 730 4002 ac
745 3951 782 4018 (in
796 3951 863 4016 ras.)
935 3951 962 4002 tn
977 3953 1107 4002 escendere
1122 3949 1305 4020 Bonqarsr'us:

96 4061 213 4111 extendere
286 4061 314 4113 ln
333 4061 388 4111 celo
461 4059 489 4111 iti
508 4077 566 4125 sepe
641 4058 670 4111 17
689 4059 825 4123 trepidedet
897 4058 925 4109 io*
944 4022 1026 4124 6&OE
1039 4057 1134 4127 ηιμ)
1189 4054 1223 4108 ‘20
1236 4056 1307 4105 thetis

97 4148 165 4211 (letis
180 4149 292 4216 ineos.)
357 4150 386 4202 ‘tl
410 4151 456 4198 hec
525 4150 584 4215 inqd
646 4147 679 4200 22
693 4147 799 4198 escendo
813 4145 997 4216 Boreoarsr'us:
1019 4148 1127 4198 excendo
1148 4145 1186 4212 (ex
1199 4145 1226 4197 in
1239 4143 1307 4208 ros.)

176 4257 205 4308 23
217 4245 302 4308 tritare
315 4257 424 4322 ut.q;uiin
435 4255 535 4322 (ornreia
549 4255 575 4307 e'n
590 4255 657 4320 ras.)
736 4255 769 4305 ‘eti
784 4254 938 4318 hemoniosq.
1009 4270 1077 4303 arcus
1091 4253 1116 4319 (a
1130 4251 1157 4304 e'n
1169 4251 1235 4316 ras.)

97 4395 126 4448 ‘li
140 4351 247 4450 calinas
319 4401 352 4452 211
365 4398 464 4448 humilis
484 4427 516 4434 —
537 4399 570 4450 211
589 4397 663 4446 uirtus
684 4397 700 4446 it
713 4395 853 4466 separauit
866 4411 883 4447 o
897 4391 1071 4448 Phaethontis
1088 4393 1212 4446 oratione
1226 4389 1306 4445 Gertz

180 4469 634 4556 mmmfflfflmm
