3184 5318
290 341 351 402 ηδ
519 335 598 376 nint.
613 335 651 376 Vl.
680 334 722 375 AD
737 333 880 376 MARCIAM
896 333 937 374 DE
951 333 1194 378 CONSOLATIONE.
1222 338 1242 378 5.
1257 339 1278 378 ὃ.

282 483 418 556 nescire,
441 482 712 563 quemadmodum
736 501 771 544 se
794 491 922 562 gerant,
952 481 1122 563 loquantur
1144 479 1259 563 aliquid
1282 479 1391 544 coram
1416 490 1451 544 te
1475 482 1507 545 de

283 589 389 652 Druso
413 609 453 651 an
475 587 564 663 nihil,
588 609 628 651 ne
651 601 703 650 aut
726 587 843 651 obliuio
867 588 1026 651 clarissimi
1049 589 1167 651 iuuenis
1189 588 1231 650 illi
1254 587 1347 651 faciat
1370 589 1507 650 iniuriam

283 708 337 759 aut
368 697 487 758 mentio
517 695 581 758 tibi.
627 716 700 758 cum
732 697 918 758 secessimus
948 697 1032 758 etin
1056 715 1153 757 unum
1177 697 1398 771 conuenimuS,
1429 696 1533 763 sacar

284 807 350 865 eius
373 803 520 884 dictaque
542 811 662 884 quanto
685 803 798 864 meruit
821 810 969 883 suspectu
992 800 1196 864 celebramus,
1235 821 1343 865 coram
1362 811 1396 864 te
1412 803 1507 866 altum

257 910 375 975 anobis
406 910 449 972 de
477 909 529 971 illo
560 908 716 971 silentium
746 918 812 970 est:
847 929 934 971 cares
957 910 1063 990 itaque
1086 909 1227 971 maxima
1249 909 1429 990 uoluptate,
1465 909 1508 972 filii

284 1018 328 1078 tui
350 1015 503 1091 laudibus,
527 1035 605 1097 quas
628 1037 692 1077 non
716 1015 828 1078 dubito
851 1016 926 1096 quin
949 1015 999 1077 uel
1023 1015 1171 1097 inpendio
1195 1016 1291 1091 uitae,
1320 1017 1344 1078 si
1369 1025 1508 1097 potestas

284 1125 384 1197 detur,
408 1125 438 1184 in
461 1143 575 1184 aeuum
598 1143 694 1184 omne
709 1122 750 1184 sis
766 1132 977 1203 prorogatura
1023 1143 1121 1204 quare
1137 1132 1254 1204 patere,
1271 1107 1372 1201 immo
1386 1144 1508 1186 accerse
1522 1138 1533 1190 3

283 1249 462 1304 sermoneS,
494 1229 607 1310 quibus
634 1228 685 1290 ille
707 1242 847 1290 narretur
870 1237 902 1290 et
925 1237 1051 1310 apertas
1074 1249 1164 1290 aures
1187 1229 1305 1311 praebe
1328 1232 1369 1292 ad
1393 1229 1506 1291 nomen

284 1337 534 1418 memoriamque
564 1335 615 1397 filii
645 1337 697 1399 tui.
742 1355 801 1396 nec
831 1335 893 1397 hoc
910 1331 1022 1416 ?graue
1052 1337 1182 1398 duxeris
1212 1345 1389 1399 ceterorum
1415 1359 1507 1412 more,

248 1465 270 1506 n
285 1445 337 1524 qui
360 1443 391 1504 in
419 1443 573 1505 eiusmodi
605 1463 679 1505 casu
709 1452 833 1523 partem
865 1441 938 1504 mali
969 1451 1081 1523 putant
1112 1442 1220 1504 audire
1250 1442 1376 1505 solacia.
1431 1456 1534 1508 nuncl

283 1549 447 1612 incubuisti
463 1559 533 1612 tota
553 1551 582 1610 in
599 1549 730 1611 alteram
754 1558 878 1630 partem
895 1559 927 1611 et
942 1549 1044 1611 oblita
1059 1549 1223 1614 meliorum
1245 1548 1404 1612 fortunam
1425 1562 1506 1613 tuam

283 1677 347 1738 qua
377 1657 514 1718 deterior
544 1666 592 1718 est
615 1657 757 1737 adspicis
803 1676 869 1718 non
892 1657 1049 1718 conuertis
1072 1664 1105 1718 te
1128 1657 1169 1718 ad
1193 1659 1355 1719 conuictus
1385 1657 1439 1718 filii
1470 1659 1507 1720 tui

284 1783 494 1844 occursusque
525 1763 692 1836 iucundos,
724 1783 788 1823 non
819 1765 861 1824 ad
883 1762 1017 1844 pueriles
1040 1762 1210 1844 dulcesque
1234 1762 1417 1840 blanditiaS,
1449 1786 1506 1826 non

284 1872 326 1932 ad
360 1871 553 1932 incrementa
590 1870 775 1932 studiorum.
821 1869 963 1931 ultimam
994 1869 1078 1931 illam
1110 1869 1219 1932 faciem
1252 1890 1356 1932 rerum
1387 1873 1505 1952 premis

246 1997 269 2038 n
284 1978 341 2053 illi,
372 1989 536 2059 tamquam
568 1979 592 2040 si
623 1998 734 2058 parum
766 1978 834 2059 ipsa
863 1997 920 2059 per
943 1997 978 2038 se
1000 1977 1129 2040 horrida
1151 1978 1205 2052 sit,
1237 1979 1389 2060 quidquid
1421 1987 1505 2059 potes

284 2086 435 2166 congeris.
489 2106 544 2160 ne,
584 2085 718 2146 obsecro
756 2093 803 2159 te,
844 2085 1038 2164 concupieris
1073 2086 1341 2166 peruersissimam
1373 2085 1532 2166 gloriamsi

283 2191 490 2254 infelicissima
525 2192 630 2254 uideri.
675 2191 765 2253 simul
797 2192 903 2272 cogita
934 2212 997 2252 non
1029 2211 1098 2253 esse
1129 2204 1279 2271 magnum
1313 2191 1407 2254 rebus
1437 2213 1503 2273 pro-

283 2301 381 2380 speris
415 2298 530 2360 fortem
567 2319 601 2360 se
637 2317 762 2378 gerere,
801 2299 854 2360 ubi
886 2300 1026 2360 secundo
1057 2318 1148 2360 cursu
1179 2300 1243 2360 uita
1273 2300 1425 2380 procedit.
1469 2319 1504 2360 ne

284 2403 502 2485 gubernatoris
526 2405 654 2487 quidem
679 2415 779 2467 artem
803 2406 1004 2487 tranquillum
1028 2414 1171 2467 marcet
1195 2405 1375 2486 obsequens
1398 2415 1504 2467 uentus

244 2531 269 2571 ro
284 2512 441 2573 ostendit:
475 2505 599 2573 aduersi
627 2511 741 2593 aliquid
772 2514 908 2575 incurrat
939 2520 1083 2595 oportet,
1115 2512 1200 2593 quod
1224 2513 1363 2573 animum
1382 2511 1502 2594 probet.

283 2617 416 2699 proinde
446 2638 487 2680 ne
517 2618 697 2680 submiseris
728 2627 777 2694 te,
809 2620 907 2681 immo
931 2628 1042 2681 contra
1064 2618 1128 2700 fige
1150 2617 1296 2681 stabilem
1320 2619 1451 2700 gradum
1474 2627 1530 2680 etti

283 2725 449 2806 quidquid
466 2746 597 2787 onerum
628 2746 722 2807 supra
753 2727 865 2788 cecidit
895 2727 1030 2802 sustine,
1060 2727 1163 2807 primo
1187 2727 1356 2787 dumtaxat
1378 2725 1501 2806 strepitu

284 2833 461 2894 conterrita.
508 2832 591 2894 nulla
614 2853 648 2894 re
671 2833 772 2894 maior
795 2833 911 2894 inuidia
933 2831 1077 2894 fortunae
1093 2832 1128 2893 fit
1150 2853 1246 2913 quam
1270 2852 1373 2914 aequo
1397 2833 1502 2894 auimo,

283 2947 357 3019 post
380 2938 459 3001 haec
482 2940 621 3001 ostendit
637 2939 678 3001 illi
694 2938 1005 3014 filium·incolumem,
1023 2938 1161 3001 ostendit
1177 2959 1219 2999 ex
1236 2939 1352 3000 amisso
1370 2941 1500 3019 nepot'es.

134 3027 152 3096 s
243 3063 269 3103 ro
373 3043 429 3106 VI.
469 3046 573 3108 Tuum
598 3045 666 3121 illic,
677 3046 816 3126 Marcia,
840 3047 1003 3126 negotium
1027 3055 1146 3120 actum,
1171 3045 1228 3107 tibi
1251 3035 1361 3106 Areus¹
1379 3043 1527 3106 adseditl

284 3160 372 3212 muta
401 3171 588 3233 personam:
624 3161 656 3214 te
683 3151 862 3214 consolatus
894 3162 949 3214 est.
995 3154 1053 3214 sed
1076 3160 1170 3234 puta,
1202 3152 1336 3226 Marcia,
1356 3161 1499 3232 ‘ereptum

284 3257 340 3320 tibi
370 3257 503 3339 amplius
534 3279 629 3341 quam
660 3258 722 3320 ulla
751 3280 902 3340 umquam
927 3268 1028 3321 mater
1051 3259 1196 3320 amiserit.
1243 3279 1306 3319 non
1330 3257 1499 3340 permulceo

284 3371 315 3426 te
339 3385 397 3427 nec
420 3375 559 3427 extenuo
583 3365 795 3428 calamitatem
819 3376 926 3428 tuam:
960 3368 986 3428 si
1009 3365 1134 3429 fletibus
1153 3364 1217 3428 sata
1241 3367 1411 3440 uincuntur,
1433 3383 1496 3426 con-

284 3469 428 3534 seramus.
466 3482 518 3536 eat
542 3476 645 3535 omnis
668 3474 748 3535 inter
770 3472 870 3535 luctus
894 3475 968 3535 dies¹
1008 3483 1137 3535 noctem
1161 3474 1227 3535 sine
1250 3493 1365 3535 somno
1389 3471 1526 3535 tristitia?

244 3599 269 3638 ao
284 3588 457 3643 consumat.
503 3581 684 3661 ingerantur
714 3579 851 3642 lacerato
881 3581 1002 3661 pectori
1033 3599 1142 3641 manus
1166 3581 1251 3642 etin
1275 3581 1376 3662 ipsam
1399 3577 1496 3639 facicm

284 3825 300 3878 1
325 3827 400 3876 altum
414 3842 484 3881 rmus
497 3827 678 3882 deteriorum:
701 3827 767 3876 aliud
851 3826 866 3878 5
887 3828 995 3876 maxima
1009 3825 1174 3882 deteriores:
1196 3828 1304 3876 maxime
1390 3826 1495 3878 lineur'r

373 3911 525 3980 dinar'relur
602 3915 617 3967 9
639 3917 734 3966 duxeris
753 3913 809 3968 Εἲς
831 3917 920 3966 dixeris
1020 3915 1054 3969 12
1074 3917 1164 3982 aspicis
1263 3917 1385 3966 conuertis
1403 3920 1425 3964 te
1441 3909 1494 3964 Pr'n·

285 4003 395 4059 cianus:
417 4007 580 4056 conuertistite
683 4004 714 4056 15
734 4005 769 4054 illi
788 4009 914 4070 tamquam
933 4005 954 4075 si
973 4001 1088 4074 Madarr'q
1109 4005 1154 4070 (illi
1174 4017 1301 4069 tamquam
1321 4004 1374 4057 iam
1392 4000 1493 4070 Neam:

284 4094 339 4145 trita
363 4096 430 4159 quasi
535 4094 567 4146 ‘ll
593 4094 779 4146 infelicissima
798 4090 902 4157 codex,
927 4092 1000 4147 unde
1018 4094 1184 4144 infelicissima
1203 4091 1325 4161 Fickert,
1344 4093 1447 4151 Haase}
1465 4093 1493 4140 in·

286 4184 451 4233 felicissimam
472 4182 569 4252 arul90;
597 4180 634 4250 cf.
655 4179 743 4246 Quint.
766 4183 806 4247 12,
827 4185 850 4244 9,
872 4185 902 4234 11
930 4184 979 4234 hoc
1004 4184 1103 4248 quidem
1122 4184 1176 4248 quis
1194 4183 1325 4232 hominum
1344 4184 1412 4234 liberi
1429 4181 1493 4230 modo

286 4273 409 4336 sanguinis
435 4273 564 4335 sustineat,
590 4265 701 4337 petulans
724 4287 776 4322 esse
801 4273 834 4320 ad
859 4271 955 4322 alterius
974 4273 1101 4322 arbitrium
1223 4269 1256 4325 18
1275 4273 1364 4322 fortem
1382 4288 1407 4322 se
1423 4284 1493 4336 gerere

288 4357 452 4414 deteriores:
480 4361 543 4413 sorte
562 4377 649 4426 gerere
749 4361 857 4424 secundo
959 4359 991 4412 21
1018 4363 1166 4412 summiseris
1270 4361 1304 4416 22
1323 4362 1411 4428 quich

286 4447 319 4506 24
339 4451 486 4503 incolumen
590 4449 624 4505 21]
644 4450 783 4503 consolatus
803 4440 967 4506 delerr'ores:
989 4452 1125 4501 consulatus
1229 4450 1264 4506 ‘28
1284 4457 1406 4502 extenuo*
