3184 5318
321 363 382 425 156
554 359 633 404 mal„
647 358 695 402 Vll.
724 359 766 400 AD
781 358 958 400 GALLIONEM
972 359 1012 400 DE
1026 359 1097 400 vlTn
1112 359 1219 402 ΒΕΑΤΑ.
1249 361 1267 400 l.
1281 359 1303 400 ².

316 512 404 578 sunt,
435 524 494 566 nec
524 505 565 566 ad
596 504 750 567 rationem
782 506 840 567 sed
871 506 912 567 ad
942 503 1174 567 similitudinem
1198 505 1337 566 uiuimus.
1384 501 1454 562 inde
1473 499 1525 560 ista

316 619 405 672 tanta
435 614 632 672 coaceruatio
663 610 794 673 aliorum
825 630 919 692 super
949 610 1026 673 alios
1057 611 1219 673 ruentium.
1265 609 1353 690 quod
1380 607 1410 668 in
1432 613 1553 685 stragel

316 717 479 780 hominum
511 736 627 798 magna
658 720 778 792 euenit,
809 737 882 779 cum
912 719 979 800 ipse
1001 739 1037 779 se
1059 716 1194 800 populus
1217 715 1347 799 premit,
1378 731 1470 774 nemo
1490 713 1527 773 ita

316 824 409 898 cadit,
432 833 466 885 ut
489 845 553 885 non
577 833 609 885 et
632 823 726 886 alium
750 825 781 886 in
804 845 838 886 se
861 823 1017 900 adtrahat,
1040 825 1194 906 primique
1216 822 1313 884 exitio
1337 817 1526 900 sequentibus

290 938 404 1004 esunt,
435 929 496 992 hoc
527 931 557 992 in
580 931 667 992 omni
697 931 761 994 uita
784 931 927 992 accidere
950 932 1058 992 uideas
1081 931 1168 992 licet:
1202 949 1297 990 nemo
1321 925 1379 989 sibi
1402 931 1526 986 tantum-

317 1037 416 1125 modo
440 1047 530 1111 errat,
554 1038 611 1099 sed
635 1036 725 1099 alieni
747 1038 860 1099 erroris
884 1045 916 1099 et
940 1057 1033 1099 causa
1056 1046 1088 1099 et
1111 1045 1221 1100 auctor
1244 1042 1301 1097 est.
1340 1039 1435 1094 nocet
1457 1029 1527 1092 enim

316 1142 465 1224 adplicari
488 1143 745 1206 antecedentibus
768 1152 801 1206 et
824 1146 900 1207 dum
924 1145 1135 1226 unusquisque
1158 1140 1277 1206 mauult
1301 1140 1431 1202 credere
1445 1156 1528 1218 quam

315 1250 467 1325 iudicare,
498 1270 671 1332 numquam
702 1252 742 1312 de
774 1251 837 1312 uita
866 1251 1033 1325 iudicatur,
1060 1271 1186 1332 semper
1215 1229 1353 1311 creditur
1375 1253 1529 1325 uersatque

315 1375 373 1416 nos
413 1364 445 1417 et
482 1358 667 1437 praecipitat
705 1359 838 1419 traditus
877 1377 933 1438 per
971 1377 1082 1419 manus
1121 1376 1215 1418 error.
1261 1353 1369 1416 alienis
1405 1355 1529 1434 perimus

277 1475 301 1516 ¹⁰
316 1462 485 1545 exemplis:
519 1463 715 1537 sanabimur,
746 1483 928 1546 separemur
959 1465 1059 1527 modo
1083 1484 1102 1524 a
1124 1470 1227 1524 coetu.
1273 1481 1356 1524 nunc
1380 1479 1462 1526 uero,
1477 1465 1556 1519 stati

315 1576 425 1630 contra
448 1571 601 1631 rationem
626 1568 773 1632 defensor
797 1569 868 1632 mali
891 1571 938 1631 sui
960 1570 1103 1652 populus.
1142 1569 1246 1649 itaque
1269 1568 1302 1627 id
1325 1566 1431 1629 euenit
1452 1563 1529 1644 quod

316 1675 346 1735 in
370 1675 513 1749 comitiis,
537 1676 703 1757 inquibus
727 1676 872 1739 consules
895 1676 995 1738 iactos
1020 1684 1051 1737 et
1074 1683 1234 1758 praetores
1257 1674 1354 1735 iidem
1374 1671 1427 1754 qui
1442 1669 1531 1732 secere

315 1781 482 1855 mirantur,
520 1801 591 1842 cum
630 1803 665 1844 se
704 1781 829 1845 mobilis
860 1781 949 1844 fauor
979 1782 1169 1862 circumegit.
1215 1781 1330 1842 eadem
1361 1777 1531 1859 probamus

314 1888 427 1948 eadem
452 1878 725 1968 reprehendimus:
752 1889 802 1950 hic
825 1889 929 1950 exitus
953 1898 1000 1950 est
1024 1889 1127 1950 omnis
1150 1887 1268 1961 iudicii,
1292 1887 1322 1946 in
1345 1905 1411 1966 quo
1434 1903 1529 1945 secun-

276 2006 300 2048 ιε»
314 1993 391 2054 dum
415 1992 520 2075 plures
543 1996 644 2056 datur.

402 2099 439 2161 ΙΙ.
486 2097 566 2162 Cum
597 2102 638 2162 de
666 2101 760 2163 beata
784 2103 846 2164 uita
869 2102 986 2182 agitur,
1011 2122 1075 2163 non
1099 2110 1147 2164 est
1170 2101 1258 2182 quod
1282 2099 1358 2160 mihi
1382 2097 1456 2160 illud
1479 2097 1556 2158 dis-l

313 2206 489 2268 cessionum
521 2227 610 2268 more
634 2210 841 2289 respondeas:
876 2208 954 2270 haec
977 2227 1050 2290 pars
1074 2208 1174 2269 maior
1196 2226 1267 2269 esse
1290 2206 1424 2267 uidetur.
1452 2203 1531 2268 ,ideo

313 2314 395 2374 enim
426 2313 515 2394 peior
545 2323 602 2375 est.
648 2334 711 2375 non
743 2323 809 2376 tarn
839 2314 921 2376 bene
952 2335 1023 2376 cum
1056 2313 1150 2376 rebus
1180 2312 1327 2376 humanis
1359 2312 1476 2391 agitur,
1505 2314 1533 2368 ut

314 2418 444 2480 meliora
466 2418 605 2500 pluribus
628 2419 789 2500 placeant:
816 2429 1038 2501 argumentum
1061 2420 1188 2502 pessimi
1211 2419 1306 2481 turba
1323 2427 1380 2480 est.
1413 2420 1558 2499 quaere-2
1588 2447 1589 2452 κ

272 2537 298 2578 2⁰
313 2545 383 2586 mus
406 2545 493 2606 ergo,
516 2527 591 2606 quid
614 2528 771 2606 optimum
794 2526 878 2589 lactu
901 2528 948 2601 sit,
972 2547 1036 2588 non
1052 2527 1128 2608 quid
1145 2525 1394 2597 usitatissimum,
1419 2531 1452 2585 et
1467 2519 1531 2602 quid

313 2621 371 2691 nos
402 2631 431 2691 in
463 2635 661 2714 possessione
684 2631 836 2694 felicitatis
859 2643 1006 2696 aeternae
1030 2634 1216 2707 constituat,
1248 2652 1313 2693 non
1336 2631 1414 2712 quid
1438 2627 1532 2708 uolg0,

313 2738 450 2799 ueritatis
488 2739 626 2819 pessimo
662 2740 838 2820 interpreti,
877 2739 1048 2822 probatum
1079 2741 1127 2802 sit.
1174 2738 1307 2820 uolgum
1338 2747 1448 2826 autem
1476 2745 1532 2796 tam

313 2842 536 2924 chlamydatos
566 2865 662 2927 quarn
693 2854 863 2908 coronatos
894 2867 984 2908 uoco.
1030 2867 1094 2908 non
1126 2847 1209 2907 enim
1233 2843 1377 2906 colorem
1402 2842 1533 2911 uestium,
1587 2899 1588 2902 ,

313 2949 425 3030 quibus
455 2959 624 3031 praetexta
653 2960 726 3013 sunt
756 2971 907 3034 corpora,
938 2952 1086 3034 adspicio.
1133 2951 1230 3014 oculis
1262 2953 1304 3012 de
1327 2949 1459 3012 homine
1481 2965 1534 3006 non
1587 2961 1588 3016 l

273 3069 299 3108 ²⁵
313 3056 419 3118 credo.
450 3055 555 3118 habeo
579 3056 689 3119 melius
712 3067 751 3126 et¹
767 3060 880 3121 certius
903 3058 1017 3134 lumen,
1041 3080 1105 3140 quo
1122 3056 1240 3120 afalsis
1264 3077 1341 3118 uera
1357 3055 1532 3118 diiudicem:
1587 3019 1588 3113 l

314 3162 408 3224 animi
437 3163 558 3225 bonum
590 3163 710 3226 animus
741 3165 884 3227 inueniat.
931 3164 996 3240 hic,
1027 3166 1052 3227 si
1085 3160 1238 3247 umquam
1270 3164 1426 3245 respirare
1448 3159 1487 3223 illi
1508 3167 1533 3219 et

313 3269 461 3330 recedere
491 3269 522 3329 in
552 3290 588 3330 se
620 3271 792 3345 uacauerit,
824 3292 844 3332 o
875 3292 970 3352 quam
1002 3271 1060 3334 sibi
1091 3265 1159 3353 ipse
1189 3291 1302 3334 uerum
1333 3277 1440 3331 tortus
1470 3283 1535 3327 ase

322 3531 394 3580 lsed
413 3531 511 3594 ad'(ad
530 3531 557 3584 iu
576 3533 642 3596 ras.)
734 3533 920 3593 2concertatio
940 3537 966 3602 (n
984 3540 1010 3587 ei
1030 3543 1038 3584 t
1057 3535 1141 3599 corr.)
1179 3525 1187 3538 ’
1222 3532 1369 3583 latitabat
1390 3531 1499 3603 (priori
1515 3526 1536 3578 iu
1586 3505 1587 3508 Ἴ

316 3632 382 3702 ras.)
435 3609 597 3687 ¹{irrideas
616 3637 654 3702 (as
673 3637 699 3690 in
718 3639 786 3705 ras.)
877 3641 1032 3707 iapplicari
1052 3640 1142 3710 (prior
1160 3659 1177 3705 p
1196 3640 1224 3692 in
1244 3639 1312 3706 ras.)
1424 3620 1538 3690 &duih

317 3721 346 3805 (d
365 3736 392 3790 in
412 3742 479 3804 ras.)
596 3749 727 3809 uersatq3e
836 3745 851 3797 9
877 3749 961 3796 alienis
988 3745 1086 3801 Gertz:
1114 3748 1227 3812 alienisq.
1249 3746 1291 3814 (q·
1294 3751 1396 3816 postea
1416 3740 1538 3803 additum)

422 3827 456 3880 lO
480 3844 621 3893 separemur
639 3833 716 3880 modo
737 3829 834 3885 Gertz:
856 3835 876 3883 si
894 3851 1035 3900 separemur
1053 3837 1131 3885 modo
1224 3845 1293 3884 acetu
1384 3833 1421 3900 12
1441 3830 1538 3882 consules

318 3915 397 3964 iactos
423 3921 446 3963 et
471 3921 595 3980 praetores
614 3915 690 3970 Koch
715 3919 763 3985 (σί
781 3937 824 3990 ep.
847 3925 940 3984 104,9
965 3925 1030 3972 male
1049 3931 1072 3973 te
1090 3925 1195 3973 habebit
1215 3925 1256 3973 ille
1275 3924 1364 3972 consul
1382 3923 1485 3985 sactus):
1504 3932 1538 3966 eos
1585 3937 1586 3992 }

319 4003 398 4050 factos
417 4017 469 4050 esse
487 4008 612 4064 praetores
631 4003 700 4066 eod,
719 4006 745 4057 in
765 4023 819 4075 qua
838 4010 976 4078 scriptura
994 4028 1037 4060 eos
1051 4021 1173 4080 prorsus
1191 4009 1367 4065 intolerabile
1386 4017 1428 4064 est
1585 3997 1586 4091 l

319 4089 398 4137 fecere
418 4089 455 4152 (re
474 4087 501 4139 t'n
521 4089 588 4150 res.)
681 4092 711 4142 ’14
732 4096 817 4144 eadem
836 4098 893 4146 dein
911 4096 1013 4150 iniuria
1034 4098 1124 4162 Gertz,
1145 4098 1182 4167 cf.
1198 4101 1231 4152 28
1251 4102 1374 4164 fugientes
1393 4104 1538 4163 petentesque

318 4175 406 4224 eadem
527 4177 726 4239 reprehendimus
847 4183 878 4237 16
898 4188 977 4249 agitur
996 4184 1054 4238 Est
1076 4195 1162 4252 agetur
1293 4187 1326 4240 17
1346 4189 1442 4237 maiori

319 4261 351 4310 21
379 4268 460 4309 eleme
549 4263 624 4325 ”⁰¹80
713 4265 747 4319 22
771 4276 822 4318 tem
841 4272 987 4324 clamidatos
1007 4274 1044 4340 (in
1065 4277 1132 4340 ras.)
1152 4293 1228 4342 quam
1247 4281 1384 4326 coronatos
1405 4272 1465 4327 eod.
1483 4269 1539 4322 hacc

318 4345 418 4400 uitiosa
437 4361 496 4400 esse
511 4344 598 4412 facile
616 4359 748 4417 apparei;
769 4361 819 4404 tam
838 4361 985 4411 candidatos
1003 4379 1077 4426 quam
1097 4364 1224 4414 coloratos
1245 4363 1367 4433 Lipsius,
1386 4368 1416 4417 et
1433 4358 1538 4416 colorem

319 4431 435 4484 uestium
453 4429 634 4501 eipuifieatem
652 4451 710 4490 esse
728 4444 866 4508 sequentia
885 4443 998 4506 docenii
1018 4449 1132 4504 meliore
1145 4465 1202 4506 noe
1215 4451 1327 4505 inuenio
1401 4450 1436 4506 24
1455 4447 1538 4513 espicio
