3184 5318
292 337 352 400 ¹40
506 330 585 373 binc.
601 329 639 372 Vl.
668 329 710 369 Ab
725 327 867 369 Manciam
882 327 923 369 DE
938 325 1181 370 CONSOLATIONE.
1211 327 1243 370 11.
1261 330 1293 370 18,

288 478 350 540 sius
373 477 432 540 illic
454 486 615 558 tyrannus,
639 475 800 548 libertatis,
824 473 970 548 iustitiae,
994 472 1101 554 legum
1125 473 1265 548 exitium,
1290 472 1504 534 dominationis

288 585 420 665 cupidus
444 585 538 646 etiarn
562 591 635 664 post
651 581 826 655 Platonem,
850 581 932 643 uitae
956 565 1051 643 etiam
1074 587 1148 662 post
1172 579 1315 642 exilium:
1343 577 1420 640 alios
1437 587 1504 651 uret,

208 753 211 760 Δ
289 689 366 751 alios
404 691 599 764 uerberabit,
639 687 715 750 alios
752 687 796 749 ob
833 686 936 749 leuem
977 686 1131 748 offensam
1172 686 1348 747 detruncari
1387 683 1506 756 iubebit,

289 806 428 858 accerset
464 798 505 858 ad
534 796 699 857 -libidinem
732 813 835 855 mares
866 793 1060 874 feminasque
1092 803 1124 855 et
1154 795 1235 854 inter
1265 791 1378 853 foedos
1410 791 1506 870 regiae

263 903 547 983 aintemperantiae
577 920 691 982 greges
721 921 833 982 parum
865 901 922 962 erit
946 899 1037 962 simul
1060 899 1141 961 binis
1165 899 1257 961 coire.
1303 898 1416 960 audisti
1439 897 1529 977 quid

289 1019 321 1071 te
344 1008 474 1070 inuitare
496 1009 604 1090 possit,
627 1009 703 1087 quid
726 1007 919 1070 absterrere:
951 1007 1084 1086 proinde
1100 987 1161 1067 ‘aut
1184 1006 1297 1086 nauiga
1321 1014 1375 1066 aut
1398 1005 1505 1066 resiste.

289 1124 363 1195 post
393 1113 475 1176 hanc
506 1115 776 1177 denuntiationem
808 1113 832 1174 si
863 1114 932 1192 quis
965 1112 1097 1174 dixisset
1133 1111 1247 1174 intrare
1276 1131 1311 1173 se
1341 1109 1531 1191 Syracusani

290 1220 385 1296 uelle,
416 1222 532 1283 satisne
564 1222 676 1282 iustam
707 1218 879 1300 querellam
905 1219 945 1280 de
968 1217 1031 1280 ullo
1055 1218 1111 1279 nisi
1135 1220 1176 1280 de
1199 1237 1233 1278 se
1255 1217 1374 1279 habere
1397 1225 1506 1299 posset,

289 1329 341 1408 qui
372 1347 436 1388 non
468 1327 626 1388 incidisset
656 1327 687 1387 in
718 1325 784 1399 illa,
816 1326 873 1386 sed
902 1325 1041 1406 pmdens
1064 1324 1227 1403 sciensque
1251 1325 1408 1386 uenisset?
1442 1324 1506 1384 dicit
1585 1295 1586 1336 ³

252 1449 275 1488 ¹⁰
290 1433 437 1496 omnibus
468 1433 559 1495 nobis
591 1441 719 1494 natura:
755 1431 913 1494 neminem
944 1432 1076 1513 decipio
1122 1441 1156 1493 tu
1188 1431 1212 1492 si
1246 1429 1325 1492 filios
1348 1429 1506 1502 sustuleris,
1585 1487 1586 1498 ,

290 1540 407 1621 poteris
431 1538 549 1601 habere
572 1538 746 1612 formem,
778 1548 810 1600 et
834 1538 992 1600 deformes
1015 1539 1143 1618 poteris.
1189 1536 1322 1600 sortasse
1345 1538 1424 1599 muti
1448 1555 1505 1597 nas-

290 1655 407 1708 centur.
453 1666 522 1708 esse
552 1645 660 1725 aliquis
692 1666 734 1707 ex
765 1645 821 1707 illis
852 1655 917 1706 tam
946 1653 1089 1707 seruator
1111 1646 1230 1726 patriae
1254 1663 1349 1725 quam
1372 1644 1507 1725 proditor
1585 1705 1586 1708 ,

290 1753 413 1833 poterit.
446 1772 509 1813 non
533 1761 582 1814 est
605 1752 693 1832 quod
717 1753 866 1833 desperes
889 1760 997 1813 tantae
1013 1751 1202 1832 dignationis
1218 1750 1346 1823 suturos,
1371 1758 1407 1810 ut
1422 1752 1532 1810 nemo?
1585 1815 1586 1818 Ἴ

289 1859 347 1920 tibi
376 1868 507 1940 propter
537 1857 606 1920 illos
638 1857 826 1921 maledicere
856 1858 991 1919 audeat:
1030 1877 1176 1938 propone
1207 1866 1313 1919 tamen
1331 1864 1380 1918 'et
1411 1862 1508 1917 tantae
1585 1935 1586 1940 η

253 1982 276 2020 u
291 1964 410 2027 futuros
441 1964 654 2047 turpitudinis,
686 1974 720 2024 ut
752 1965 809 2044 ipsi
839 1963 1009 2026 maledicta
1038 1965 1107 2026 sint.
1154 1962 1227 2024 nihil
1259 1972 1346 2024 uetat
1369 1962 1439 2025 illos
1461 1961 1507 2023 tibi
1585 1949 1586 1954 ¹

290 2091 438 2151 suprema
467 2079 628 2152 praestare
659 2079 692 2132 et
722 2070 840 2132 laudari
870 2078 904 2130 te
934 2091 952 2131 a
984 2069 1087 2135 liberis
1119 2071 1197 2132 tuis:
1232 2070 1289 2132 sed
1317 2071 1362 2132 sic
1385 2078 1418 2131 te
1441 2089 1507 2149 para
1585 2135 1586 2142 χ

290 2187 453 2258 tamquam
477 2178 507 2239 in
531 2178 637 2256 ignem
661 2176 850 2256 inposituros
874 2176 923 2238 uel
946 2197 1079 2258 puerum
1104 2174 1155 2237 uel
1170 2150 1315 2240 iuuenem
1333 2177 1383 2236 uel
1399 2195 1507 2237 senem.
1585 2241 1586 2264 ,

291 2284 365 2346 nihil
396 2285 479 2346 enirn
508 2285 552 2344 ad
576 2303 642 2344 rem
667 2285 823 2364 pertinent
846 2285 934 2358 anni,
964 2284 1115 2365 quoniam
1138 2281 1257 2345 nullum
1280 2304 1344 2345 non
1368 2283 1508 2344 acerbum

292 2391 381 2452 sunus
414 2400 477 2463 est,
509 2391 597 2470 quod
626 2409 740 2472 parens
771 2391 917 2470 sequitur.
964 2401 1038 2471 post
1068 2389 1125 2451 has
1157 2388 1244 2470 leges
1267 2391 1460 2471 propositaS,
1488 2388 1508 2447 si
1585 2459 1586 2464 η

251 2509 277 2549 2⁰
292 2496 407 2558 liberos
438 2495 537 2570 tollis,
568 2496 654 2557 omni
686 2497 765 2558 deos
796 2496 911 2557 inuidia
934 2494 1063 2572 liberae,
1093 2498 1146 2577 qui
1169 2495 1224 2559 tibi
1248 2495 1322 2558 nihil
1346 2496 1421 2558 certi
1443 2514 1507 2576 spo-

263 2589 480 2684 ’.ponderunt

380 2708 497 2771 XVIII.
543 2709 600 2770 Ad
630 2707 712 2770 hanc
743 2708 913 2790 imaginem
944 2709 1084 2789 agedum
1117 2709 1213 2784 totius
1246 2709 1328 2771 uitae
1359 2708 1533 2770 introituml
1585 2679 1586 2706 ¹

292 2815 379 2877 reser.
426 2835 466 2876 an
497 2813 670 2896 Syracusas
709 2815 825 2877 uiseres
862 2813 1048 2877 deliberanti
1078 2815 1134 2876 tibi
1171 2814 1323 2895 quidquid
1362 2813 1509 2876 delectare
1585 2831 1586 2924 q

291 2929 425 3002 poterat,
449 2921 602 3002 quidquid
626 2919 798 2994 offendere,
823 2920 965 3002 exposui.
1004 2929 1081 3000 puta
1103 2921 1243 2982 nascenti
1267 2941 1320 2982 me
1342 2920 1398 2983 tibi
1413 2919 1509 2981 uenire
1585 2925 1586 2998 J

252 3041 278 3080 '2⁵
293 3029 323 3088 in
354 3026 534 3089 consilium:
569 3028 737 3089 intraturus
768 3047 802 3088 es
833 3026 944 3088 urbem
969 3027 1017 3088 dis
1039 3025 1283 3110 hominibusque
1308 3045 1508 3097 communem,

293 3135 399 3196 omnia
419 3133 619 3215 conplexam,
643 3135 734 3196 certis
751 3133 873 3214 legibus
890 3134 1087 3215 aeternisque
1103 3135 1302 3209 deuinctam,
1316 3133 1509 3214 indefatigata

294 3356 436 3406 ltirannus
538 3353 713 3406 3uerberabit
732 3352 829 3424 uulqo:
851 3356 988 3405 uerberauit
1085 3354 1192 3420 lfedos
1288 3357 1372 3421 regiae
1391 3348 1414 3430 {t
1431 3356 1507 3404 intem-
1585 3381 1586 3384 =

292 3454 403 3519 perantip
421 3469 491 3518 reges
510 3450 570 3506 cod.
590 3468 678 3518 greges
698 3439 847 3506 deteriores
937 3453 1024 3517 bquit
1043 3453 1063 3520 (t
1082 3452 1109 3505 t'n
1129 3454 1145 3502 d
1165 3453 1248 3520 corr.)
1342 3453 1508 3519 7syrachusas

397 3539 638 3611 8p0sset·Neap.:
665 3543 743 3606 possit
833 3541 993 3594 9incidisset
1011 3539 1068 3594 Ei:
1089 3543 1165 3592 incidi
1258 3542 1288 3594 11
1309 3545 1370 3592 muti
1388 3539 1506 3608 Mudut'p:

293 3630 363 3679 multi
472 3628 504 3682 15
529 3631 577 3680 sint
602 3628 764 3682 deteriores:
791 3631 822 3679 sit
929 3629 962 3682 16
987 3647 1101 3697 suprema
1203 3636 1328 3696 praestare
1353 3630 1506 3686 deteriores:

292 3720 396 3784 prestari
482 3718 514 3772 17
534 3721 558 3768 in
578 3721 660 3784 ignem
680 3716 844 3772 deteriores:
865 3719 948 3783 inigne
967 3717 1027 3774 cod.
1047 3717 1084 3788 cfi
1104 3718 1139 3772 de
1157 3717 1201 3772 ira
1220 3722 1244 3782 3,
1266 3722 1344 3782 23,ss
1426 3717 1507 3783 inposi-

293 3850 359 3892 turus
377 3839 526 3896 Erasmus:
543 3845 682 3908 inpositura
774 3841 807 3896 18
825 3844 902 3893 nichil
987 3845 1082 3908 ptinent
1095 3819 1147 3846 anni
1238 3844 1272 3897 19
1291 3853 1351 3894 esto
1369 3845 1434 3910 quod

293 3929 328 3984 20
346 3932 424 3982 nichil
513 3934 597 3986 totum
621 3930 693 3984 hunc
716 3929 803 3984 locum
822 3929 921 3986 indeo
946 3934 1006 3983 dicit
1025 3934 1139 3983 omnibus
1157 3934 1230 3984 nobis
1247 3940 1334 3983 natura
1353 3949 1380 3987 n.
1400 3935 1415 3984 9
1433 3943 1508 3998 usque

293 4018 332 4073 ad
355 4022 539 4087 spoponderunt
565 4024 595 4072 21
621 4017 674 4074 huo
697 4035 751 4074 non
773 4020 912 4090 pertinere
929 4020 1001 4074 uidit
1018 4017 1134 4093 Moduiq
1224 4021 1258 4074 23
1277 4023 1348 4076 refer,
1368 4039 1398 4071 an
1418 4018 1505 4073 Gertz:

292 4110 414 4159 refertam
441 4109 543 4178 (itaque
567 4107 627 4167 cod.
646 4124 701 4162 nou
726 4106 805 4162 habet
829 4109 974 4173 refertanus,
1000 4108 1051 4164 sed
1073 4109 1194 4161 referiunt
1220 4109 1327 4180 sipnum
1343 4115 1405 4180 post
1426 4124 1454 4158 an
1470 4109 1507 4157 est

292 4197 351 4252 stne
370 4196 453 4252 dubio
465 4197 654 4270 interpunctio,
674 4196 816 4253 comitali
831 4197 908 4268 apud
919 4197 1077 4254 Fickertum
1092 4197 1169 4268 saiso
1187 4197 1317 4271 leperintz
1339 4195 1411 4269 quod
1420 4199 1458 4251 est
1470 4192 1505 4256 us)

394 4339 428 4392 25
455 4357 479 4390 es
505 4343 590 4390 urbem
611 4338 773 4397 deteriores:
796 4347 830 4390 est
849 4343 909 4444 urbe
1011 4344 1050 4392 dis
1075 4344 1267 4408 hominibusque
1292 4341 1445 4396 deteriores:
1469 4292 1506 4382 dis

293 4429 434 4478 hominibus
1527 4422 1531 4430 '
