3212 5318
280 381 344 442 220
451 374 532 420 DIAL.
546 377 587 420 tx.
614 377 657 420 Ab
672 377 815 420 suumn
828 377 869 418 nt
882 377 1149 430 mouturam
1163 377 1261 422 aum.
1291 381 1322 421 11.
1370 391 1374 397 ·

278 527 378 583 tatem
401 522 599 599 ueniendum,
621 543 687 584 non
710 531 745 585 ut
767 531 892 606 mergat
912 544 981 599 nos,
1004 527 1061 586 sed
1074 534 1110 587 ut
1125 525 1289 606 deprimat
1327 522 1404 584 eluit
1419 522 1500 583 enim

278 645 368 688 eruas
391 635 424 690 et
446 628 488 691 ab
502 629 568 690 imo
583 630 723 694 animum
739 639 849 692 mouet
865 639 899 692 et
912 639 948 692 ut
963 631 1082 693 morbis
1097 631 1286 713 quibusdam
1301 629 1345 691 ita
1359 627 1502 690 tristitiae

279 734 433 796 medetur.
479 733 639 816 Liberque
666 756 731 798 non
763 737 807 799 ob
830 736 989 800 licentiam
1011 736 1137 818 linguae
1159 738 1261 799 dictus
1283 744 1333 798 est
1355 736 1502 796 inuentor

278 839 349 914 uini,
371 840 430 901 sed
452 840 525 922 quia
547 840 659 904 liberat
681 843 976 938 semitiovcurarum
999 844 1140 906 animum
1162 853 1196 905 et
1217 845 1335 904 adserit
1357 848 1500 921 uegetat-

239 961 252 1000 ⁵
278 965 341 1027 que
371 954 404 1008 et
433 945 634 1010 audaciorem
666 949 697 1010 in
726 969 839 1011 omnes
862 960 995 1012 conatus
1017 949 1099 1013 iacit.
1145 950 1203 1011 sed
1225 957 1261 1011 ut
1281 947 1437 1010 libertatis
1459 946 1528 1012 ital
1595 1021 1596 1024 Ἴ

277 1051 340 1112 uini
374 1051 506 1114 salubris
536 1055 713 1117 moderatio
744 1065 800 1118 est
861 1055 1015 1118 Solonem
1047 1055 1307 1136 Arcesilaumque
1336 1051 1502 1116 indulsisse
1595 1097 1596 1120 r

277 1158 350 1220 uino
381 1159 521 1221 credtmt
567 1158 681 1246 Catoni
704 1161 839 1224 ebrietas
862 1162 989 1226 obiecta
1012 1172 1068 1224 est
1114 1161 1233 1224 facilius
1256 1159 1387 1234 efficiet,
1418 1158 1500 1240 quis-

277 1265 346 1347 quis
375 1264 492 1328 obiecit
522 1265 566 1346 ei,
598 1268 716 1329 crimen
746 1267 916 1331 honestum
947 1289 1044 1350 quam
1074 1277 1201 1351 turpem
1232 1267 1398 1332 Catonem.
1444 1265 1501 1326 sed

276 1391 335 1434 nec
356 1391 453 1453 saepe
475 1371 653 1436 iaciendum
676 1384 742 1450 est,
764 1395 805 1436 ne
827 1375 950 1437 animus
973 1374 1090 1438 malam
1113 1372 1375 1438 consuetudinem
1397 1367 1501 1446 ducat,

238 1491 262 1532 11
276 1485 310 1540 et
342 1477 511 1559 aliquando
545 1488 654 1542 tamen
683 1482 714 1542 in
753 1479 981 1544 exultationem
1011 1481 1254 1562 libertatemque
1285 1478 1501 1542 extrahendus

275 1584 433 1666 tristisque
455 1585 610 1648 sobrietas
633 1589 830 1650 remouenda
852 1587 1016 1670 paulisper.
1062 1608 1137 1651 nam
1160 1588 1227 1650 siue
1242 1586 1367 1650 Graeco
1383 1593 1498 1668 poetae
1517 1599 1540 1651 11

276 1691 450 1754 credimus:
490 1691 660 1774 aliquando
698 1703 732 1756 et
768 1695 901 1758 insanire
939 1694 1108 1757 iucundum
1148 1702 1213 1770 est,
1250 1695 1317 1756 siue
1356 1691 1496 1754 Platoni:

275 1795 388 1860 frustra
410 1799 552 1880 poeticas
574 1798 658 1862 sores
681 1819 803 1884 conpos
833 1802 880 1862 sui
910 1801 1046 1884 pepulit,
1076 1803 1143 1864 siue
1166 1798 1350 1864 Aristoteli:
1382 1797 1499 1860 nullum

200 1887 204 1892 ’
276 1923 427 1984 magnum
450 1903 608 1984 ingenium
630 1906 699 1967 sine
721 1907 860 1968 mixtura
882 1908 1062 1970 dementiae
1081 1905 1145 1970 fuit
1177 1925 1242 1968 non
1257 1912 1366 1988 potest
1381 1903 1499 1984 grande

238 2022 261 2062 ¹⁵
275 2009 391 2091 aliquid
421 2018 455 2072 et
483 2030 578 2092 super
608 2019 732 2074 ceteros
762 2011 847 2094 loqui
870 2014 927 2074 nisi
950 2023 1040 2076 mota
1063 2033 1162 2075 mens.
1207 2031 1279 2074 eum
1303 2009 1448 2090 uolgaria
1469 2016 1498 2070 et
1514 2022 1540 2074 11

274 2115 368 2178 solita
390 2119 583 2199 contempsit
605 2118 813 2199 instinctuque
836 2139 927 2180 sacro
943 2120 1079 2182 surrexit
1094 2117 1257 2193 excelsior,
1279 2126 1356 2180 tunc
1371 2115 1498 2178 demum

274 2221 389 2303 aliquid
412 2224 524 2285 cecinit
546 2225 695 2304 grandius
718 2244 775 2286 ore
798 2225 933 2288 mortali.
980 2245 1044 2288 non
1059 2234 1169 2308 potest
1183 2222 1318 2286 sublime
1333 2223 1498 2304 quicquam

274 2327 360 2390 etin
383 2329 483 2390 arduo
507 2330 646 2412 positum
670 2331 871 2411 contingere,
902 2333 1055 2413 quamdiu
1078 2331 1163 2412 apud
1185 2351 1221 2392 se
1244 2338 1312 2391 est:
1348 2329 1499 2390 desciscat

274 2442 404 2516 oportet
422 2454 443 2495 a
465 2433 560 2498 solito
582 2444 615 2497 et
637 2435 785 2499 efferatur
808 2446 841 2498 et
863 2439 1012 2500 mordeat
1034 2436 1141 2500 frenos
1163 2445 1197 2498 et
1220 2443 1378 2498 rectorem
1401 2433 1498 2515 rapiat

234 2549 261 2592 ²⁰
275 2559 366 2601 suum
390 2558 494 2620 eoque
516 2537 604 2615 serat,
628 2561 692 2622 quo
716 2562 774 2624 per
796 2563 830 2605 se
854 2544 1009 2605 timuisset
1031 2544 1212 2630 escendere.

362 2645 488 2720 Habes,
520 2645 638 2708 Serene
669 2649 844 2725 carissime,
874 2669 956 2731 quae
986 2649 1109 2731 possint
1131 2645 1392 2729 tranquillitatem
1416 2645 1497 2720 tueri,
1515 2657 1540 2709 12

271 2771 353 2833 quae
384 2752 564 2827 restituere,
596 2772 677 2833 quae
708 2753 951 2836 subrepentibus
982 2755 1062 2818 uitiis
1090 2756 1255 2816 resistant:
1289 2751 1366 2815 illud
1394 2761 1496 2814 tamen

271 2858 368 2933 scito,
400 2856 475 2920 nihil
506 2858 620 2920 horum
644 2860 720 2922 satis
744 2879 814 2922 esse
837 2843 977 2923 ualidtim
1000 2881 1067 2924 rem
1091 2859 1269 2924 inbecillam
1292 2857 1496 2931 seruantibus,

271 2964 329 3026 nisi
350 2955 472 3026 intenta
494 2973 527 3026 et
550 2965 683 3028 adsidua
706 2986 780 3028 eura
803 2967 945 3030 circumit
967 2968 1107 3030 animum
1130 2965 1303 3030 labentem.

271 3190 288 3243 5
312 3193 419 3242 inomnis
531 3193 650 3244 libertatis
668 3191 766 3264 uulgo:
787 3195 887 3246 libertas
976 3195 993 3249 7
1018 3197 1109 3246 efficiet
1126 3195 1235 3261 quisquis
1253 3195 1348 3244 obiecit
1367 3195 1390 3244 ei
1408 3189 1492 3246 Koch:
1595 3229 1596 3248 r

272 3280 337 3330 effici
355 3285 378 3329 et
397 3279 435 3346 (in
454 3279 578 3350 marytre
596 3297 631 3333 m.
650 3282 666 3336 2
685 3299 745 3349 qsqs
763 3285 856 3334 obiecit
874 3283 907 3352 et)
1000 3284 1033 3339 10
1052 3284 1189 3351 aliqufindo
1208 3283 1242 3354 dp
1261 3289 1346 3334 tamen
1365 3283 1407 3346 (m.
1426 3295 1495 3334 corr.
1595 3271 1596 3334 s

273 3365 373 3422 deleuit
385 3367 398 3380 ”
410 3373 444 3422 et
455 3365 564 3422 addidit
582 3369 633 3420 ndo
652 3369 680 3422 in
695 3371 752 3440 fine
770 3386 882 3430 uersum
909 3370 1005 3426 eadem
1023 3373 1057 3422 do
1075 3372 1104 3426 iu
1122 3375 1241 3424 dotamen
1255 3370 1370 3442 punctis
1387 3367 1494 3432 notauit)
1595 3435 1596 3448 ,

366 3457 571 3522 libertatemque
667 3458 701 3510 13
726 3475 831 3524 compos
922 3460 954 3513 16
980 3462 1142 3526 instinctuque
1161 3459 1327 3514 deteriores:
1348 3461 1492 3520 instinctum
1595 3449 1596 3504 i

367 3542 401 3595 17
425 3545 542 3607 grandius
560 3562 604 3595 ore
623 3547 749 3616 (praeter
767 3563 828 3612 gran
847 3546 963 3628 inxrqs.)
1055 3547 1088 3601 18
1108 3555 1167 3614 aput
1187 3552 1207 3612 (t
1225 3547 1253 3602 t'n
1273 3549 1289 3598 d
1309 3547 1393 3613 corr.)

273 3628 307 3682 20
325 3646 375 3695 quo
388 3625 553 3685 deteriores:
574 3636 641 3698 quod
731 3633 764 3688 21
784 3635 912 3686 karissime
