3212 5326
420 342 502 418 1111111.
518 375 545 417 V.
575 373 614 415 DE
630 373 682 414 lRA
698 373 752 414 Lili.
769 372 809 416 111.
838 373 919 415 iulo.
936 375 968 415 11.
1248 375 1309 438 117

76 531 204 588 lseutem
237 520 372 586 differet.
419 523 504 584 omni
532 530 599 584 arte
622 521 762 604 requiem
786 519 881 583 furori
904 517 1011 581 dabit:
1046 519 1071 580 si
1095 517 1312 580 uehementior

101 632 156 705 erit,
195 637 263 716 aut¹
282 630 437 711 pudorem
469 627 509 692 illi
540 631 589 692 cui
619 649 684 690 non
714 629 838 692 resistat
868 627 997 690 incutiet
1027 635 1082 689 aut
1112 633 1241 688 metum.
1287 624 1312 686 si

82 735 249 812 infirmior,
282 755 445 798 sermones
468 733 579 799 inseret
602 735 652 797 uel
675 744 784 816 gratos
808 734 857 796 uel
879 753 982 797 nouos
1006 743 1038 796 et
1062 731 1232 813 cupiditate
1258 751 1311 795 co-

15 923 16 930 ἵ
100 844 260 923 gnoscendi
276 841 432 906 auocabit.
463 843 623 904 medicum
639 844 733 918 aiunt,
757 861 829 906 cum
845 841 928 924 regis
943 839 1038 902 filiam
1056 859 1164 902 curare
1180 838 1313 902 deberet

15 959 16 962 ’
99 970 143 1012 nec
177 952 244 1012 sine
276 949 359 1013 ierro
391 959 516 1030 posset,
557 951 633 1012 dum
664 957 841 1011 tumentem
873 967 1046 1011 mammam
1077 947 1187 1009 leniter
1217 945 1340 1020 foueas

14 1051 17 1130 ,³
99 1055 267 1138 scalpellum
291 1059 425 1139 spongia
448 1065 567 1120 tectum
593 1057 761 1119 induxisse.
807 1064 1015 1139 repugnasset
1045 1053 1149 1137 puella
1172 1055 1314 1116 remedio

15 1165 16 1200 ³
99 1161 188 1242 palam
213 1163 357 1226 admoto.
396 1164 517 1240 eadem,
542 1164 614 1246 quia
636 1183 703 1248 noq
724 1165 915 1254 expectauit,
939 1161 1084 1224 dolorem
1105 1159 1174 1224 tulit
1219 1179 1312 1243 quae-

99 1269 158 1330 dam
184 1289 248 1332 non
274 1270 331 1332 nisi
355 1270 491 1352 decepta
513 1277 670 1332 sanantur.

75 1387 82 1436 1
175 1375 246 1440 XL.
294 1375 397 1440 Alteri
429 1377 531 1440 dices:
567 1377 639 1438 uide
669 1397 709 1438 ne
740 1376 868 1438 inimicis
897 1375 1055 1438 iracundia
1083 1383 1137 1437 tua
1160 1373 1315 1456 uoluptati

15 1535 16 1538 ,
81 1483 135 1544 ¹sit.
186 1481 294 1546 alteri:
341 1483 413 1550 uide
455 1503 495 1545 ne
541 1483 727 1564 magnitudo
763 1481 857 1546 animi
895 1483 939 1544 tui
974 1483 1191 1562 creditumque
1229 1482 1313 1562 apud
1333 1497 1354 1535 11

15 1627 16 1674 3
98 1589 255 1671 plerosque
288 1590 385 1652 robur
408 1590 509 1654 cadat.
554 1590 702 1670 indignor
725 1609 777 1652 me
798 1587 941 1654 hercules
964 1597 997 1652 et
1021 1609 1083 1652 non
1108 1590 1232 1651 inuenio
1256 1587 1312 1649 do-

14 1683 16 1764 1
98 1693 170 1758 leudi
194 1697 338 1771 modum,
363 1697 419 1759 sed
443 1706 569 1777 tempus
593 1697 828 1777 expectandum
854 1704 909 1759 est.
946 1696 1033 1758 dabit
1057 1715 1177 1776 poenas
1224 1715 1315 1757 serua

14 1859 15 1864 ,
98 1803 169 1864 istud
193 1805 224 1866 in
248 1804 356 1866 animo
380 1813 443 1866 tu0.
483 1823 555 1866 cum
578 1804 705 1884 poteris,
728 1811 761 1865 et
784 1823 843 1885 pro
868 1823 958 1866 mora
980 1803 1103 1864 reddes.
1160 1803 1315 1883 castigare

73 1917 163 1970 luero
195 1909 383 1972 'nascentem
416 1918 449 1972 et
480 1909 561 1972 ultro
593 1909 726 1972 obirasci
757 1911 885 1972 incitare
909 1919 966 1972 est.
1012 1911 1097 1972 uarie
1121 1909 1315 1990 adgredieris

98 2013 275 2098 blandeque,
300 2017 357 2080 nisi
379 2015 460 2079 sorte
483 2025 573 2080 tanta
595 2036 732 2097 persona
749 2019 817 2093 erle,
841 2026 875 2079 ut
891 2019 993 2097 possis
1008 2018 1086 2078 iram
1104 2017 1316 2089 conminuere,
1334 2033 1356 2070 u

98 2124 363 2201 quemadmodum
392 2121 464 2186 fecit
494 2125 585 2186 diuus
610 2123 788 2204 Augustus,
820 2143 891 2184 cum
916 2133 1043 2186 cenaret
1067 2124 1152 2203 apud
1177 2121 1315 2184 Vedium

15 2237 16 2252 l
99 2227 271 2292 Pollionem.
318 2229 455 2311 fregerat
479 2251 556 2292 unus
581 2250 621 2292 ex
655 2233 751 2292 seruis
783 2231 848 2292 eius
879 2228 1099 2292 crustallinum.
1147 2230 1212 2310 rapi
1243 2248 1315 2290 eum

100 2333 209 2397 Vedius
240 2336 328 2400 iussit
359 2357 400 2400 ne
429 2336 550 2418 uolgari
580 2337 706 2418 quidem
736 2357 825 2399 more
849 2339 1028 2425 periturum.
1075 2336 1211 2398 murenis
1235 2334 1317 2410 obici

98 2441 266 2518 iubebatur,
289 2463 368 2526 quas
391 2443 526 2522 ingentis
549 2447 579 2506 in
603 2445 722 2524 piscina
745 2443 929 2506 continebat
968 2445 1037 2523 quis
1060 2463 1124 2504 non
1148 2441 1210 2504 hoc
1232 2441 1317 2504 illum

72 2557 82 2602 1
99 2557 213 2626 putaret
252 2549 394 2612 luxuriae
424 2571 518 2614 causa
548 2550 673 2614 iacere?
712 2553 840 2614 saeuitia
871 2561 947 2613 erat.
995 2552 1093 2613 euasit
1125 2571 1142 2612 e
1174 2549 1318 2612 manibus
1333 2564 1358 2603 11

97 2675 167 2734 puer
188 2665 220 2718 et
243 2657 386 2737 confugit
408 2659 451 2720 ad
476 2657 617 2720 Caesaris
641 2659 740 2738 pedes
763 2657 837 2748 nihil
862 2658 946 2719 aliud
970 2659 1139 2740 petiturus,
1164 2675 1259 2738 quam
1285 2665 1318 2718 ut

98 2760 176 2826 aliter
199 2765 324 2845 periret,
348 2785 388 2826 ne
409 2785 482 2827 esca
505 2764 602 2828 fieret.
634 2773 741 2828 motus
765 2775 813 2828 est
837 2767 977 2826 nouitate
994 2764 1184 2827 crudelitatis
1201 2763 1319 2826 Caesar

98 2878 127 2930 et
154 2870 236 2935 illum
268 2871 396 2953 quidem
429 2873 526 2946 mitti,
557 2871 735 2935 crustallina
766 2881 874 2934 autem
898 2874 1005 2933 omnia
1029 2891 1136 2934 coram
1160 2890 1195 2934 se
1218 2869 1318 2950 frangi

71 2976 176 3040 liussit
206 2977 411 3060 conplerique
442 2978 599 3058 piscinam.
647 2976 703 3043 fuit
728 2977 855 3041 Caesari
886 2979 930 3040 sic
963 2968 1165 3058 castigandus
1189 2979 1316 3040 amicus.

98 3081 171 3146 bene
201 3105 275 3148 usus
308 3093 355 3148 est
386 3085 502 3147 uiribus
533 3088 603 3147 suis.
650 3087 836 3148 econuiuio
868 3085 934 3166 rapi
957 3085 1102 3148 homines
1125 3088 1262 3166 imperas
1286 3092 1318 3146 et
1332 3094 1358 3134 ²⁵

99 3191 165 3251 noui
193 3194 317 3271 generis
348 3193 457 3273 poenis
488 3191 655 3255 lancinari?
694 3193 719 3254 si
750 3192 831 3254 calix
864 3202 936 3255 tuus
965 3191 1080 3255 fractus
1104 3201 1168 3267 est,
1202 3193 1320 3253 uiscera

98 3293 227 3359 hominis
257 3297 490 3360 distrahentur?
529 3308 652 3362 tantum
686 3297 742 3361 tibi
774 3297 928 3380 placebis,
960 3309 994 3362 ut
1023 3297 1065 3361 ibi
1090 3298 1224 3379 aliquem
1249 3298 1320 3360 duci

98 3401 207 3479 iubeas,
231 3404 283 3466 ubi
309 3403 426 3468 Caesar
450 3409 519 3468 est?

74 3517 79 3565 1
180 3510 262 3573 XLI.
301 3510 335 3574 Si
360 3512 408 3572 cui
431 3521 554 3576 tantum
578 3513 741 3594 potentiae
765 3521 821 3586 est,
846 3521 879 3574 ut
903 3513 980 3574 iram
1004 3533 1046 3574 ex
1071 3513 1230 3593 superiore
1247 3511 1320 3574 loco

101 3756 116 3805 3
142 3757 219 3808 inferet
244 3774 315 3812 1111111
335 3719 515 3812 deteriorum:
542 3759 612 3808 insert
725 3759 755 3811 111
782 3765 839 3824 aput
951 3759 977 3811 11
1008 3759 1091 3821 alteri,
1117 3757 1193 3830 quod
1210 3735 1323 3830 punctis

100 3849 214 3898 uocatum
232 3853 293 3918 post
313 3849 386 3898 cadat
406 3846 484 3901 dalet
503 3846 603 3914 codex,
623 3863 718 3900 uerum
738 3863 791 3900 nou
811 3865 871 3900 asse
890 3853 1008 3918 apparet
1110 3849 1137 3901 12
1157 3865 1233 3914 penas

108 3986 135 4038 13
161 3990 218 4039 istud
236 3993 260 4039 in
284 3991 477 4056 (11111111111111.
499 3997 527 4042 ut
547 3988 666 4056 uidetur)
771 3949 862 4055 poiizris
968 3990 1000 4043 14
1027 3992 1177 4056 aggredieris
1196 3989 1321 4058 (priorg

103 4088 180 4140 corr,
197 4077 282 4148 gsut'l
301 4077 455 4150 suprascr.)
543 4080 575 4130 ’111
595 4085 653 4143 aput
741 4079 772 4130 ld
791 4080 885 4144 uulgari
964 4079 996 4131 2l
1017 4080 1083 4128 aliud
1103 4078 1131 4146 (d
1150 4094 1188 4132 ex
1207 4087 1214 4127 1
1235 4079 1320 4142 corr.)

416 4179 429 4205 u

190 4219 219 4273 26
239 4223 307 4286 penis
397 4228 433 4270 tus
536 4219 569 4273 29
594 4223 629 4270 sic
649 4223 687 4271 cui
706 4235 778 4274 1111111
797 4219 971 4289 deteriorum,
992 4218 1088 4286 Gertz,
1108 4220 1157 4290 qui
1174 4227 1262 4272 tantan
1281 4219 1319 4274 ita

104 4301 171 4359 hacc
192 4322 247 4362 cum
271 4309 460 4380 superioribus
484 4308 672 4378 corrumpenda
695 4309 813 4362 narraui
837 4309 935 4380 cupitis
957 4309 1061 4364 inituim
1081 4306 1207 4362 1111111111
1232 4325 1320 4373 pacem

106 4393 189 4444 denus
205 4397 364 4452 ordiendum
384 4413 515 4451 essenon
533 4398 686 4468 personali:
712 4399 803 4467 itaqua
829 4395 963 4466 defectum
983 4413 1042 4452 cum
1059 4397 1175 4451 Grulcro
1188 4402 1214 4449 et
1230 4395 1321 4466 lipsio

106 4481 253 4550 siqnificuni
