3212 5326
302 348 381 392 orna.
397 349 434 392 vr.
465 350 504 390 nu
522 332 975 394 irrueranoacousouarnnta.
1003 353 1096 396 aas.
1249 355 1307 418 125

97 493 184 570 saciat,
209 493 341 558 meliore
364 515 464 580 pones
488 495 569 574 loco,
594 497 618 560 si
642 497 734 560 matri
757 517 830 560 suae
854 496 951 578 qualis
975 497 1063 560 uiuus
1078 496 1210 572 solebat,
1234 496 1308 560 hila·

95 606 186 684 risque
210 611 244 664 et
268 621 339 664 cum
364 603 481 684 gaudio
505 612 656 666 occurret.

73 717 78 766 1
172 707 220 770 IV
269 708 394 772 Necte
417 710 458 772 ad
482 709 612 772 fortiora
636 711 749 774 ducam
773 719 957 794 praecepta,
981 719 1015 773 ut
1037 709 1208 774 inhumano
1232 708 1311 774 serre

95 816 223 878 humana
248 815 375 878 iubeam
399 817 506 892 mod0,
532 826 565 880 ut
588 817 657 899 ipso
680 817 801 881 funebri
825 819 877 881 die
896 817 1006 882 oculos
1030 819 1137 882 matris
1161 817 1311 880 exiccem.

94 924 127 985 ad
148 922 304 985 arbitrum
321 932 426 985 tecum
443 924 584 1018 ueniam:
612 924 674 987 hoc
690 925 843 988 internos
859 935 1033 1007 quaeretur,
1057 934 1162 988 utrum
1179 940 1338 1005 magnust

94 1028 178 1092 dolor
201 1049 273 1094 esse
297 1029 414 1092 debeat
437 1049 477 1092 an
500 1040 679 1114 perpetuus.
717 1052 782 1094 non
805 1031 917 1096 dubito
938 1033 1011 1114 quin
1027 1031 1120 1095 Iuliae
1136 1029 1312 1112 Augustae,

68 1143 179 1218 ‘tquam
205 1134 548 1232 familiariter'coluisti
573 1139 675 1220 magis
698 1138 753 1202 tibi
777 1137 900 1220 placeat
924 1138 1126 1223 exemplum:
1152 1136 1203 1202 illa
1222 1147 1255 1202 te
1271 1137 1312 1200 ad

93 1265 172 1306 suum
205 1244 370 1308 consilium
399 1256 500 1309 uocat.
546 1244 597 1308 illa
620 1247 648 1307 in
673 1245 774 1327 primo
799 1245 936 1321 feruore,
968 1266 1038 1308 cum
1064 1245 1202 1308 maxime
1225 1245 1311 1326 inpa-

92 1352 196 1414 tientes
220 1349 406 1434 ferocesque
429 1362 501 1416 sunt
524 1353 684 1428 miseriae:
699 1352 924 1416 consolandam
947 1373 981 1414 se
998 1351 1096 1427 Areo,
1120 1348 1311 1434 philosopho

94 1457 138 1518 uiri
169 1457 235 1532 sui,
267 1457 410 1540 praebuit
434 1468 465 1522 et
489 1458 623 1523 multum
648 1479 718 1522 eam
742 1480 809 1523 rem
823 1457 986 1541 ,proluisse
1008 1459 1065 1522 sibi
1090 1457 1232 1522 consessa
1256 1465 1312 1531 est,
1330 1471 1352 1512 10

93 1563 152 1645 plus
176 1585 274 1645 quam
298 1565 449 1648 populum
474 1566 674 1642 Romanum,
697 1587 792 1650 quem
817 1566 947 1630 nolebat
970 1567 1089 1629 tristem
1113 1564 1236 1628 tristitia
1258 1583 1313 1626 sua

94 1669 196 1746 lacere,
221 1672 292 1755 plus
317 1691 411 1754 quam
436 1672 627 1753 Augustum,
651 1674 703 1755 qui
726 1673 882 1738 subducto
906 1672 1005 1736 altero
1029 1671 1218 1736 adminiculo
1240 1671 1311 1734 titu-

94 1777 184 1840 babat
215 1798 275 1841 nec
305 1778 391 1842 luctu
421 1801 549 1843 suorum
580 1780 773 1844 inclinandus
805 1789 887 1856 erat,
926 1779 995 1863 plus
1026 1799 1121 1862 quam
1153 1778 1312 1842 Tiberium

15 1965 16 1972 ἵ
94 1883 192 1960 tilium,
216 1885 303 1948 cuius
326 1887 426 1968 pietas
450 1885 621 1962 efficiebat,
645 1897 678 1950 ut
702 1888 731 1950 in
755 1887 807 1950 illo
831 1886 947 1962 acerbo
971 1894 1003 1950 et
1026 1885 1145 1962 defleto
1168 1885 1313 1967 gentibus

66 1995 78 2044 l
93 1990 193 2054 lunere
225 1991 299 2056 nihil
330 1992 387 2056 sibi
417 1994 475 2056 nisi
506 2013 670 2058 numerum
702 1996 813 2057 deesse
844 1993 981 2056 sentiret.
1034 1992 1099 2068 hic,
1131 2005 1163 2054 ut
1192 1992 1313 2073 opinor,
1329 2003 1353 2046 ¹⁵

93 2100 188 2162 aditus
212 2098 252 2162 illi
278 2096 341 2175 suit,
366 2098 428 2163 hoc
451 2101 634 2182 principium
658 2101 741 2182 apud
766 2099 914 2164 seminam
938 2099 1094 2184 opinionis
1117 2119 1190 2162 suae
1212 2107 1315 2161 custo·
1349 2085 1376 2144 '-

95 2207 161 2268 dem
187 2205 478 2287 diligentissimam:
513 2208 665 2290 usquein
689 2207 771 2271 hunc
794 2207 887 2283 diem,
911 2205 994 2282 Iulia,
1018 2213 1170 2288 quantum
1187 2205 1315 2286 quidem

94 2332 150 2394 ego
174 2312 281 2386 sciam,
305 2314 454 2376 adsiduus
478 2315 533 2376 uiri
556 2314 600 2376 tui
624 2333 741 2390 comes,
765 2315 814 2376 cui
836 2334 901 2378 non
925 2322 1047 2377 tantum
1071 2331 1153 2394 quae
1169 2312 1199 2374 in
1215 2309 1314 2393 publi·
1366 2365 1371 2377 .

95 2439 160 2482 cum
184 2420 370 2483 emittuntur
393 2429 477 2495 nota,
500 2421 557 2484 sed
582 2441 694 2484 omnes
714 2430 786 2484 sunt
802 2421 985 2484 secretiores
1001 2420 1177 2482 animorum
1195 2425 1314 2480 uestro·

92 2546 154 2588 rum
186 2535 309 2600 motus,
342 2526 455 2590 dedisti
485 2547 632 2610 operam,
663 2547 703 2589 ne
726 2527 800 2610 quid
824 2536 907 2590 esset
931 2527 1018 2610 quod
1042 2527 1072 2588 in
1096 2534 1127 2588 te
1151 2527 1315 2608 quisquam
1330 2536 1355 2578 ²⁰

67 2630 73 2682 l
92 2634 297 2714 reprenderet.
339 2653 397 2696 nec
420 2635 451 2696 id
475 2633 504 2696 in
529 2635 698 2698 maioribus
722 2634 821 2696 modo
845 2634 1030 2708 obseruasti,
1053 2635 1110 2695 sed
1127 2633 1157 2695 in
1174 2631 1316 2706 minimis,

92 2759 127 2800 ne
150 2741 224 2822 quid
247 2738 380 2815 lacerae,
404 2741 451 2802 cui
475 2739 609 2815 samam,
632 2740 822 2804 liberrimam
847 2741 1020 2824 principum
1045 2737 1316 2812 iudicem,·uelles

91 2847 257 2926 ignoscere.
305 2867 364 2908 nec
402 2850 568 2930 quicquam
606 2847 762 2931 pulchrius
801 2847 949 2910 existimo
987 2867 1081 2930 quam
1121 2846 1151 2906 in
1188 2863 1315 2907 summo

93 2950 210 3032 fastigio
242 2952 427 3016 conlocatos
458 2953 626 3017 multarum
654 2975 758 3016 rerum
783 2955 906 3018 ueniam
931 2955 1021 3029 dare,
1053 2951 1162 3016 nullius
1186 2960 1311 3034 petere:

90 3060 258 3130 seruandus
290 3061 394 3142 itaque
425 3059 480 3122 tibi
512 3061 542 3122 in
573 3060 633 3122 hac
663 3079 790 3142 quoque
822 3081 855 3122 re
883 3051 957 3144 'tuus
988 3079 1059 3122 mos
1083 3067 1146 3133 est,
1178 3077 1217 3120 ne
1240 3057 1314 3140 quid
1330 3067 1355 3108 2⁵

94 3167 280 3241 committas,
304 3168 391 3248 quod
416 3167 516 3229 minus
540 3166 669 3230 aliterue
692 3167 810 3231 sactum
835 3166 919 3230 uelis.

66 3271 73 3321 ¹
179 3271 218 3336 V.
264 3273 390 3336 Deinde
420 3295 477 3336 oro
509 3282 604 3356 atque
635 3274 785 3350 obsecro,
825 3295 864 3336 ne
895 3283 927 3336 te
958 3271 1114 3336 difficilem
1146 3271 1253 3334 amicis
1284 3280 1316 3334 et

92 3378 317 3444 intractabilem
349 3390 519 3464 praestes,
548 3401 613 3442 non
645 3381 692 3444 est
724 3382 806 3445 enim
838 3381 925 3464 quod
956 3381 1082 3461 ignores
1113 3398 1226 3442 omnes
1257 3377 1316 3440 hos

184 3609 192 3662 l
213 3610 344 3676 hilarisque
363 3607 512 3664 deteriores
526 3608 627 3679 pauci:
649 3612 733 3662 hilaris
752 3629 825 3676 quam
916 3611 932 3663 2
952 3615 1062 3660 occurret
1082 3606 1190 3662 Haase:
1212 3610 1316 3660 occurrit
1410 3647 1412 3654 .

178 3701 192 3750 :l
210 3700 343 3748 inhumano
364 3695 501 3751 Muretus:
523 3700 632 3749 humano
731 3700 746 3750 ii
766 3701 797 3749 ad
818 3701 934 3749 arbitrum
956 3696 1105 3751 deteriores
1120 3694 1262 3767 plerique:
1284 3699 1316 3746 ad

94 3787 218 3836 arbitrium
237 3784 296 3842 eod.
317 3785 392 3856 quod
410 3801 462 3839 non
482 3785 596 3841 debebat
615 3785 765 3856 defendere
785 3785 866 3841 Gertz
980 3786 995 3839 9
1016 3788 1159 3837 consulares
1178 3785 1238 3840 cod.
1258 3803 1316 3836 con·

94 3875 220 3924 solandam
239 3893 264 3926 se
281 3880 349 3926 Areo
368 3873 481 3942 Madm'p
501 3877 650 3926 consolatori
671 3893 697 3927 se
716 3879 781 3926 Areo
804 3875 896 3930 Haase
913 3893 938 3926 se
958 3875 1134 3926 consolandam
1157 3877 1221 3924 Areo
1236 3873 1316 3926 Curio

185 3965 330 4030 philosopho
351 3963 514 4018 deterioria:
536 3965 696 4031 philosophio
806 3967 834 4018 lll
853 3968 949 4030 prebuit
1046 3967 1123 4016 multti
1145 3957 1226 4037 theam

101 4051 125 4102 l-l
148 4035 241 4117 pietalis
314 4053 363 4104 'lb
381 4055 459 4103 nichil
560 4053 592 4106 16
611 4059 668 4118 aput
760 4055 792 4108 17
813 4055 1024 4120 diligentissimam
1052 4051 1201 4106 deteriores
1217 4051 1302 4121 praeiri
1308 4072 1313 4100 :

96 4141 303 4204 diligentissimum
406 4141 439 4195 22
460 4142 609 4192 liberrimam
631 4140 687 4195 E’:
716 4145 864 4193 uberrimam
968 4145 1000 4196 ¹23
1020 4159 1068 4208 qua
1088 4157 1158 4194 corr.
1178 4145 1227 4205 quil

96 4281 129 4333 ‘24
151 4282 282 4336 collocatos
300 4283 426 4338 Fetere:
448 4285 582 4336 collocatas
673 4285 706 4340 25
725 4243 851 4336 seruandis
872 4287 890 4354 (i
911 4283 1010 4340 lineola
1030 4281 1129 4349 deletu)
1213 4282 1315 4348 nequis

97 4370 169 4436 (quid
184 4368 324 4426 deteriores
339 4369 475 4442 plerique)
496 4375 617 4428 comittas.
638 4377 704 4440 quod
725 4377 803 4426 minus
823 4374 891 4438 eod,
911 4391 965 4448 quo
984 4377 1126 4434 conruunt,
1146 4385 1217 4445 quae
1233 4365 1315 4430 Gertz

98 4455 249 4527 disparant
266 4462 393 4532 deceptus
409 4460 485 4529 falso
505 4460 629 4516 Fr‘rdertt'
646 4462 747 4516 indicio
