3184 5318
269 325 333 388 200
433 320 512 364 DIAL.
528 319 568 362 lx.
595 320 637 362 AD
653 319 794 362 SERENVM
808 321 849 362 Dc
863 321 1130 372 TRauQvtuulaarc
1143 321 1242 366 ANIMI.
1270 324 1291 366 a.
1306 325 1327 366 l.

268 463 394 540 officiis,
424 485 489 528 non
518 464 691 528 deserueris
714 485 773 528 nec
795 486 909 528 munus
932 467 1165 530 detrectaueris
1211 487 1313 548 neque
1337 470 1422 530 enim
1445 467 1493 529 ille

267 572 353 634 solus
376 571 497 646 militat,
520 574 574 652 qui
595 572 626 633 in
649 574 715 634 acie
737 581 802 634 stat
824 582 857 634 et
880 593 978 635 comu
1002 575 1152 636 dextrum
1175 573 1365 656 laeuomque
1385 573 1491 636 delen-

268 679 323 754 dit,
346 678 402 740 sed
425 681 479 760 qui
500 687 610 760 portas
633 686 737 740 tuetur
760 687 793 741 et
815 680 952 741 statione
975 681 1076 741 miuus
1099 679 1282 760 periculosa,
1305 701 1370 744 non
1390 683 1494 744 otiosa
1590 683 1591 712 l

269 795 377 847 tamen
406 783 543 864 fungitur
574 783 756 864 uigiliasque
785 793 891 848 seruat
915 793 947 848 et
970 789 1213 850 armamentario
1236 797 1378 867 praeest:
1413 805 1494 867 quae
1557 809 1560 816 ’

243 912 255 948 s
270 893 438 952 ministeria
458 892 601 970 quamuis
616 892 777 952 incruenta
792 892 862 964 sint,
885 892 915 953 in
930 911 1097 954 numerum
1112 893 1342 972 stipendiorum
1358 895 1493 954 ueniunt.

269 997 294 1058 si
322 1005 355 1060 te
378 998 419 1058 ad
450 996 555 1060 studia
585 998 796 1070 reuocaueris‚
828 1016 925 1058 omne
955 997 1037 1060 uitae
1067 997 1226 1062 fastidium
1257 998 1405 1080 effugeris
1434 1019 1522 1076 nec,

269 1112 399 1166 noctem
429 1102 495 1164 fieri
526 1102 652 1184 optabis
682 1103 788 1164 taedio
819 1101 911 1178 lucis,
940 1121 1001 1164 nec
1033 1102 1090 1166 tibi
1120 1105 1224 1184 grauis
1257 1105 1317 1168 eris
1346 1125 1407 1169 nec
1430 1104 1495 1168 aliis

269 1218 496 1292 superuacuus!
534 1206 650 1270 multos
672 1200 707 1270 in¹
726 1207 893 1272 amicitiam
916 1207 1064 1272 adtrahes
1087 1209 1269 1292 adfluetque
1291 1212 1333 1272 ad
1356 1219 1390 1272 te
1412 1211 1493 1292 opti-

191 1355 197 1360 -
271 1337 340 1378 mus
371 1315 510 1396 quisque.
556 1333 729 1395 numquam
760 1315 844 1376 euim
866 1316 1011 1395 quamuis
1034 1315 1170 1378 obscura
1191 1319 1288 1378 uirtus
1311 1316 1404 1392 latet,
1436 1318 1495 1380 sed
1590 1341 1591 1344 ¹

233 1440 256 1480 ιο
270 1423 365 1484 mittit
394 1423 440 1484 sui
470 1424 577 1502 signa:
610 1421 748 1502 quisquis
778 1421 892 1501 diguus
921 1419 1027 1496 suerit,
1063 1423 1202 1504 uestigiis
1232 1422 1316 1486 illam
1347 1423 1495 1504 conliget.
1590 1479 1591 1483 ,

269 1549 343 1592 nam
367 1529 393 1590 si
415 1547 544 1590 omnem
568 1528 841 1590 conuersationem
869 1526 1009 1590 tollimus
1032 1538 1065 1592 et
1087 1531 1195 1610 generi
1217 1528 1358 1592 humano
1380 1551 1524 1608 renun-7

269 1636 382 1698 tiamus
414 1635 608 1714 uiuimusque
630 1635 661 1696 in
683 1653 743 1696 nos
766 1643 896 1696 tantum
920 1637 1080 1710 conuersi,
1110 1643 1259 1716 sequetur
1281 1635 1363 1698 hanc
1385 1636 1493 1700 solitu-

271 1743 377 1804 dinem
400 1741 487 1804 omni
510 1741 616 1803 studio
639 1749 799 1802 carentem
823 1741 929 1821 inopia
952 1761 1057 1802 rerum
1073 1742 1284 1822 agendarum:
1310 1743 1495 1824 incipiemus

270 1847 410 1911 aedificia
433 1845 493 1908 alia
515 1866 642 1928 ponere,
666 1845 726 1908 alia
746 1845 931 1909 subuertere
954 1854 987 1908 et
1010 1867 1098 1908 mare
1121 1867 1324 1910 summouere
1348 1857 1380 1911 et
1396 1869 1494 1931 aquas
1564 1893 1566 1900 ι

234 1963 381 2017 incontra
410 1951 627 2016 difficultatem
657 1951 801 2015 locorum
832 1954 967 2015 educere
996 1962 1027 2014 et
1050 1952 1133 2016 male
1156 1955 1336 2035 dispensare
1353 1964 1494 2036 tempus,
1590 2015 1591 2018 ,

270 2061 358 2142 quod
380 2059 474 2122 nobis
495 2067 608 2122 natura
630 2059 881 2122 consumendum
904 2059 1010 2122 dedit:
1036 2059 1085 2123 alii
1108 2080 1202 2141 parce
1223 2059 1277 2122 illo
1298 2061 1424 2137 utimur,
1447 2061 1523 2140 aliig
1590 2121 1591 2126 ,

270 2167 411 2248 prodige.
458 2165 507 2228 alii
530 2166 574 2226 sic
596 2165 811 2246 inpendimuS,
842 2174 877 2227 ut
899 2165 1058 2246 possimus
1081 2167 1235 2228 rationem
1258 2167 1409 2242 reddere,
1439 2167 1494 2243 alii,
1590 2227 1591 2232 ,

270 2281 305 2335 ut
342 2270 441 2334 nullas
479 2271 654 2334 habeamus
691 2270 851 2353 reliquias,
889 2287 952 2353 qua
981 2292 1016 2334 re
1045 2271 1120 2334 nihil
1148 2273 1268 2354 turpius
1299 2281 1356 2334 est.
1402 2294 1495 2355 saepe
1590 2337 1591 2340 ,

271 2380 398 2458 grandis
435 2386 511 2440 natu
549 2396 649 2440 senex
686 2376 805 2440 nullum
839 2377 924 2440 aliud
958 2377 1056 2441 habet
1090 2387 1329 2458 argumentum,
1367 2399 1433 2460 quo
1462 2399 1494 2442 se
1590 2445 1591 2448 ,

230 2485 387 2566 inprobet
409 2486 463 2546 diu
486 2485 610 2559 uixisse,
630 2492 758 2564 praeter
780 2491 928 2546 aetatem.
1186 2549 1189 2554 ,
1590 2551 1591 2554 ,

360 2591 416 2654 IV.
442 2589 553 2666 .Mihi,
585 2591 743 2652 carissime
766 2588 900 2678 Serene,
930 2572 1022 2652 nimis
1052 2591 1176 2654 uidetur
1198 2591 1392 2654 summisisse
1415 2601 1522 2668 tem-1
1590 2657 1591 2662 ,

270 2699 400 2783 poribus
423 2719 458 2760 se
480 2696 719 2773 Athenodorus,
742 2697 834 2760 nimis
857 2698 920 2760 cito
943 2697 1102 2778 refugisse.
1148 2718 1207 2760 nec
1229 2717 1291 2778 ego
1314 2699 1493 2779 negauerim
1590 2733 1591 2768 1

271 2807 440 2889 aliquando
477 2805 672 2879 cedendum,
708 2804 765 2866 sed
795 2804 912 2866 sensim
943 2802 1043 2868 relato
1074 2805 1175 2885 gradu
1206 2815 1238 2868 et
1267 2805 1362 2868 saluis
1393 2807 1493 2888 signis,
1590 2845 1591 2848 =

270 2912 358 2975 salua
387 2911 510 2974 militari
541 2911 710 2992 dignitate:
743 2911 916 2973 sanctiores
948 2911 1140 2992 tutioresque
1163 2920 1236 2974 sunt
1258 2911 1405 2976 hostibus
1426 2913 1493 2988 suis,
1590 2979 1591 2983 ,

230 3036 256 3076 rs
271 3022 324 3100 qui
361 3022 391 3080 in
429 3017 526 3080 fidem
565 3037 636 3080 curn
674 3017 769 3079 armis
799 3018 935 3080 ueniunt.
981 3017 1044 3079 hoc
1057 3026 1152 3098 ,puto
1183 3019 1289 3080 uirtuti
1319 3018 1493 3082 laciendum
1590 3087 1591 3090 Ἴ

243 3117 477 3206 studiosoque
508 3124 637 3186 uirtutis.
691 3123 716 3186 si
746 3123 941 3205 praeualebit
969 3117 1097 3186 'fortuna
1128 3132 1159 3187 et
1190 3125 1352 3206 praecidet
1382 3126 1522 3205 agendis
1590 3177 1591 3180 ,

271 3231 462 3306 facultatem,
485 3251 549 3292 non
573 3231 681 3293 statim
704 3250 832 3292 auersus
854 3230 1043 3311 inermisque
1066 3229 1165 3312 fugiat
1174 3229 1318 3294 latebras
1334 3253 1492 3313 quaerens,

271 3338 359 3418 quasi
377 3336 468 3398 'ullus
498 3336 586 3400 locus
616 3337 672 3411 sit,
706 3337 756 3416 [in]
788 3356 853 3418 quo
884 3357 948 3398 non
975 3337 1076 3419 possit
1098 3335 1225 3399 fortuna
1245 3339 1408 3421 persequi,
1435 3339 1491 3400 sed

270 3443 393 3526 parcius
423 3463 458 3504 se
488 3441 598 3506 inferat
627 3441 738 3505 officiis
769 3450 802 3504 et
824 3462 896 3504 cum
920 3443 1035 3506 dilectu
1058 3443 1195 3522 inueniat
1217 3443 1350 3524 aliquid,
1379 3445 1491 3526 inquo

232 3532 354 3610 mutilis
377 3548 491 3611 ciuitati
513 3552 560 3612 sit.
606 3548 738 3612 militare
761 3548 935 3612 nonlicet:
961 3549 1100 3612 honores
1114 3558 1212 3632 petat.
1249 3553 1374 3633 priuato
1390 3551 1488 3614 uiuen-
1508 3569 1521 3621 3

274 3656 350 3716 dum
382 3662 448 3716 est:
482 3655 521 3716 sit
551 3663 666 3718 orator.
712 3653 868 3717 silentium
891 3655 1040 3717 indictum
1065 3664 1129 3717 est:
1163 3658 1259 3719 tacita
1289 3657 1492 3719 aduocatione

272 3761 355 3822 ciues
386 3762 478 3822 iuuet.
524 3761 731 3842 periculosum
763 3761 857 3822 etiam
889 3762 1030 3842 ingressu
1061 3761 1168 3823 sorum
1188 3771 1253 3826 est:
1284 3764 1316 3824 in
1340 3761 1490 3836 domibus,

273 4017 447 4124 3p0rtaiuer'.
553 4057 675 4122 ipreest
777 4058 879 4125 7tediq
936 4039 1101 4126 ·8udlluet
1119 4077 1165 4127 que
1184 4066 1210 4111 at
1228 4067 1252 4111 te
1344 4060 1375 4112 10
1392 4059 1490 4123 colliget

368 4147 401 4200 12
426 4148 526 4200 conusis
546 4144 646 4212 (altera
663 4164 675 4196 s
693 4148 783 4212 erasa)
881 4149 913 4201 13
937 4152 1001 4200 oriris
1020 4150 1041 4218 (s
1060 4151 1142 4216 eras.)
1240 4149 1273 4202 14
1298 4151 1393 4201 edificia

273 4236 307 4288 22
325 4254 370 4287 nec
390 4253 437 4302 ego
456 4235 514 4289 El:
535 4253 567 4286 ne
585 4253 632 4300 ego
727 4237 761 4290 26
786 4238 895 4304 pualeuit
984 4238 1017 4292 27
1042 4255 1144 4304 querens
1244 4237 1278 4292 28
1304 4239 1348 4306 [in]
1366 4254 1411 4304 quo
1428 4233 1487 4288 El:

273 4329 348 4392 inquo
455 4325 490 4381 30
515 4328 608 4376 ciuitati
621 4325 795 4381 deteriores:
822 4317 944 4379 ciuitatisn
1033 4329 1139 4378 honores
1157 4333 1224 4394 petat
1243 4343 1314 4382 unus
1333 4325 1488 4382 deteriorum

273 4429 360 4470 corn:
381 4416 571 4484 honorespectat
