3212 5318
285 359 348 422 282
499 356 579 398 orna.
590 357 641 402 x11.
668 359 710 398 an
724 359 877 404 romanu
892 359 933 398 nn
947 357 1189 402 consonarronu.
1221 362 1250 403 n.
1262 362 1293 401 n.
1399 335 1402 340 ’

283 511 394 564 natura
424 502 509 564 illum
541 503 598 566 tibi
628 506 707 568 sicut
737 507 848 570 ceteris
876 505 1022 568 fratribus
1044 526 1120 568 suos
1142 526 1207 568 non
1230 505 1386 596 mancipio
1410 507 1510 580 dedit,

282 610 340 670 sed
364 611 598 674 commodauit:
633 634 705 675 curn
729 614 829 676 uisum
854 624 902 676 est
925 614 1053 688 deinde,
1075 615 1198 694 repetiit
1221 633 1280 674 nec
1301 621 1391 675 tuam
1414 614 1446 674 in
1470 634 1508 674 eo

282 717 462 779 satietatem
485 728 593 784 secuta
615 729 672 802 est,
694 720 751 782 sed
774 741 863 784 suam
886 720 1000 801 legem.
1039 722 1064 782 si
1087 721 1156 801 quis
1172 721 1337 802 pecuniam
1353 720 1508 782 creditam
1526 733 1540 783 5

242 831 250 844 '
283 822 413 886 soluisse
444 845 479 886 se
503 825 636 888 moleste
659 826 754 902 serat,
785 847 857 890 eam
880 827 1080 908 praesertim,
1112 827 1197 888 cuius
1220 847 1312 888 usum
1335 829 1508 906 gratuitum
1552 905 1556 916 .

256 932 454 1012 tacceperit,
485 953 590 995 nonne
619 933 749 996 iniustus
780 935 825 996 uir
854 933 1028 996 habeatur?
1074 935 1163 996 dedit
1193 943 1305 995 natura
1335 932 1423 995 fratri
1453 943 1508 995 tuo

283 1039 396 1112 uitam,
428 1039 516 1102 dedit
546 1049 579 1102 et
601 1041 675 1102 u'bi':
710 1061 791 1122 quae
814 1061 872 1102 suo
895 1045 960 1102 iure
983 1061 1055 1116 usa,
1085 1061 1199 1121 aquo
1216 1039 1332 1114 uoluit,
1364 1040 1507 1102 debitum

283 1160 374 1208 suum
398 1146 487 1206 citius
510 1147 626 1226 exegit
672 1129 736 1209 non
760 1147 811 1208 illa
832 1149 863 1209 in
884 1147 976 1228 culpa
996 1157 1052 1222 est,
1077 1148 1162 1209 cuius
1177 1159 1255 1210 nota
1270 1156 1339 1208 erat
1354 1148 1508 1220 condici0,

283 1253 340 1314 sed
371 1252 512 1314 mortalis
535 1253 629 1314 animi
651 1274 725 1335 spes
748 1254 855 1328 auida,
887 1275 968 1335 quae
991 1254 1140 1328 subinde,
1171 1255 1247 1336 quid
1270 1275 1375 1316 rerum
1398 1263 1509 1324 natura

283 1359 330 1432 sit,
363 1357 554 1421 obliuiscitur
584 1379 643 1422 nec
658 1382 824 1441 ,umquam
856 1363 949 1423 sortis
979 1382 1054 1424 suae
1074 1361 1241 1435 meminit,
1272 1361 1331 1422 nisi
1354 1381 1428 1422 cnm
1453 1362 1507 1422 ad-

247 1475 270 1515 ¹⁰
283 1474 439 1526 monetur.
484 1467 591 1546 gaude
620 1467 726 1547 itaque
749 1465 894 1530 habuisse
917 1477 950 1530 te
972 1476 1039 1529 tam
1062 1468 1183 1530 bonum
1207 1467 1335 1530 fratrem
1360 1476 1394 1529 et
1418 1477 1539 1530 usumss

283 1571 479 1653 fructumque
510 1572 592 1646 eius,
623 1576 766 1654 quamuis
796 1574 923 1636 breuior
953 1583 1030 1637 uoto
1053 1584 1109 1636 tuo
1133 1573 1247 1649 suerit„
1270 1575 1348 1636 boni
1370 1575 1507 1636 consule.

283 1679 388 1759 cogita
403 1679 658 1741 iucundissimum
674 1701 752 1755 esse,
771 1682 857 1762 quod
873 1679 1017 1756 habuisti,
1033 1680 1213 1754 humanum,
1231 1682 1319 1762 quod
1334 1681 1508 1762 perdidisti

283 1805 341 1847 nec
364 1788 448 1849 enim
472 1787 639 1867 quicquam
662 1789 764 1849 minus
787 1789 866 1850 inter
881 1807 916 1850 se
931 1797 1178 1850 consentaneum
1195 1797 1243 1850 est
1257 1808 1354 1870 quam
1371 1786 1508 1868 aliquem

284 1892 418 1968 moueri,
448 1893 536 1973 quod
559 1892 618 1954 sibi
641 1893 710 1956 talis
733 1893 828 1957 frater
851 1915 962 1975 parum
987 1896 1041 1956 diu
1064 1895 1246 1976 contigerit,
1270 1916 1334 1956 non
1358 1895 1507 1976 gaudere,

246 2007 270 2046 ¹⁵
284 1999 372 2080 quod
395 2009 504 2062 tamen
526 2002 703 2087 contigerit.
982 2083 987 2094 Ι

373 2106 427 2170 ΧΙ.
464 2106 514 2170 At
544 2107 717 2189 inopinanti
747 2116 874 2189 ereptus
897 2119 953 2171 est.
1000 2129 1057 2170 sua
1079 2128 1237 2190 quemque
1260 2107 1430 2170 credulitas
1454 2111 1537 2170 del

244 2231 248 2240 ·
283 2214 357 2294 cipit
380 2223 412 2276 et
435 2215 465 2275 in
490 2197 550 2289 eis,
574 2234 654 2295 quae
678 2213 786 2294 diligit,
809 2214 984 2278 uoluntaria
1008 2214 1207 2278 mortalitatis
1232 2215 1369 2277 obliuio.-
1396 2225 1509 2278 natura

283 2320 355 2383 nulli
379 2341 413 2382 se
436 2320 631 2384 necessitatis
654 2341 729 2383 suae
749 2323 882 2402 gratiam
903 2321 1055 2385 facturam
1078 2343 1148 2384 esse
1163 2331 1279 2384 testata
1295 2331 1351 2384 est.
1392 2325 1508 2385 cotidie

284 2435 409 2510 praeter
444 2426 553 2489 oculos
584 2437 710 2490 nostros
740 2437 903 2491 transeunt
933 2437 1083 2492 notorum
1113 2430 1359 2510 ignotorumque
1390 2429 1508 2494 funera

247 2537 272 2578 ²⁰
287 2554 345 2596 nos
368 2542 476 2595 tamen
498 2532 581 2596 aliud
605 2535 727 2614 agimus
750 2544 783 2598 et
805 2536 943 2598 subitum
967 2537 999 2598 id
1023 2545 1169 2617 putamus
1193 2555 1276 2610 esse,
1303 2537 1392 2616 quod
1415 2537 1508 2598 nobis

284 2649 354 2704 tota
376 2641 439 2702 uita
462 2641 662 2704 denuntiatur
684 2640 829 2706 futurum.
876 2663 940 2706 non
964 2651 1012 2706 est
1035 2643 1140 2724 itaque
1162 2645 1222 2704 ista
1244 2641 1382 2705 satorum
1397 2644 1506 2725 iniqui-

284 2759 340 2822 tas,
363 2749 421 2809 sed
446 2748 559 2809 mentis
582 2747 739 2810 humanae
761 2751 900 2830 prauitas
923 2749 1103 2830 insatiabilis
1126 2770 1229 2812 rerum
1251 2750 1400 2823 omnium,
1426 2771 1508 2830 quae

283 2854 462 2934 indignatur
485 2855 558 2916 inde
580 2855 675 2930 exire,
699 2876 764 2936 quo
787 2855 926 2919 admissa
948 2864 996 2918 est
1019 2856 1168 2939 precario
1217 2852 1292 2942 [30]
1320 2865 1443 2937 quanto
1459 2856 1538 2925 ille2

283 2960 399 3035 iustior,
422 2961 474 3042 qui
497 2961 637 3024 nuntiata
659 2961 711 3026 filii
735 2972 838 3025 morte
862 2964 992 3044 dignam
1016 2984 1134 3044 magno
1158 2964 1226 3025 uiro
1248 2983 1361 3026 uocem
1385 2964 1505 3026 emisit:

244 3071 270 3112 ²⁵
284 3087 346 3148 ego
370 3087 443 3129 cum
465 3069 568 3148 genui,
592 3077 659 3132 tum
683 3070 869 3132 moriturum
892 3071 975 3132 sciui.
1020 3091 1149 3153 prorsus
1172 3091 1237 3132 non
1253 3071 1371 3132 mireris
1387 3089 1431 3132 ex
1448 3069 1509 3160 hoc

284 3168 405 3236 natnm'
417 3194 494 3248 esse,
517 3175 571 3256 qui
593 3173 714 3239 sortiter
734 3177 815 3238 mori
834 3186 951 3258 posset.
990 3197 1056 3239 non
1070 3178 1191 3258 accepit
1206 3186 1370 3270 tamquam
1385 3197 1507 3240 nouum

285 3281 426 3344 nuntium
457 3279 509 3342 filii
541 3291 699 3344 mortem:
732 3283 808 3364 quid
831 3291 881 3346 est
904 3285 987 3346 enirn
1010 3285 1084 3346 noui
1107 3284 1269 3346 hominem
1293 3285 1389 3359 mori,
1422 3285 1507 3346 cuius

284 3395 354 3450 tota
384 3389 449 3450 nita
478 3386 552 3450 nihil
580 3385 664 3451 aliud
687 3409 783 3470 quam
807 3390 848 3452 ad
872 3399 1009 3452 mortem
1033 3391 1092 3454 iter
1114 3394 1184 3453 est?
1223 3410 1285 3471 ego
1308 3411 1381 3453 cum
1403 3391 1508 3471 genui,

285 3617 299 3669 1
319 3617 366 3666 sibi
386 3613 466 3669 ΒΒΕ
587 3619 673 3668 ceteris
697 3619 810 3668 fratribus
834 3635 889 3668 suos
910 3615 989 3672 BDE
1004 3621 1091 3669 ceteris
1109 3619 1194 3669 fratres
1212 3635 1269 3670 suos
1286 3617 1401 3689 Madm'q

283 3708 409 3771 mancipio
429 3704 578 3760 omiserunt
596 3703 650 3760 ΒΕ
737 3706 753 3758 2
773 3708 863 3757 deinde
881 3709 967 3772 repetit
985 3705 1013 3760 B
1031 3709 1062 3757 de
1081 3709 1131 3757 iure
1149 3710 1236 3774 repetit
1254 3706 1309 3761 DE
1374 3728 1378 3734 ·
1396 3708 1410 3761 5
1430 3710 1507 3758 habe-

284 3855 322 3899 tur
340 3846 395 3901 DE
492 3850 508 3901 li
532 3865 579 3915 que
596 3867 640 3900 suo
659 3808 707 3900 uile
726 3867 768 3900 usa
787 3857 841 3915 sunt
863 3847 888 3902 B
905 3867 952 3914 que
970 3867 1014 3900 suo
1033 3853 1084 3901 iure
1102 3867 1145 3901 usa
1163 3849 1251 3904 fuitvD
1269 3868 1316 3916 que
1334 3869 1378 3901 suo
1396 3828 1454 3900 iure¹
1465 3868 1507 3900 usu

285 3929 330 3988 luit
347 3935 375 3990 Ε
481 3938 496 3991 9
520 3955 565 3988 nec
585 3955 706 4003 nunquam
728 3937 779 3991 DE
899 3957 954 3990 cum
969 3943 1036 4008 post
1054 3940 1100 3994 nisi
1119 3939 1217 3992 omittit
1237 3937 1261 3991 Ε
1366 3939 1411 3992 ll)
1437 3957 1506 3988 usum

284 4029 387 4078 fructum
406 4024 435 4078 E
524 4027 552 4078 11
581 4024 701 4080 leulorD
792 4029 824 4080 12
850 4029 1050 4078 iocundissimum
1069 4026 1123 4081 BD
1214 4029 1245 4080 13
1265 4029 1373 4094 aliquam
1391 4025 1417 4078 B

286 4115 318 4168 16
337 4117 371 4164 At
389 4114 565 4181 inoppinatiD
583 4121 607 4164 at
626 4116 779 4181 inoppinanti
792 4115 820 4170 Ε
907 4135 1027 4182 quemque
1040 4116 1126 4186 Neap.
1145 4134 1239 4182 queque
1251 4115 1307 4171 Ι)Ε
1322 4119 1468 4183 quandoque
1485 4116 1506 4168 B

393 4202 426 4255 18
452 4211 487 4254 est
502 4208 567 4273 post
584 4209 671 4254 testata
690 4205 786 4259 omittit
803 4205 831 4258 Ε
933 4201 972 4260 Ι21
999 4209 1082 4272 itaque
1099 4208 1219 4257 sactorum
1238 4203 1397 4272 iniquitasll

286 4292 319 4346 23
339 4294 396 4343 inde
415 4294 479 4342 exire
497 4310 545 4358 qno
563 4291 658 4346 Haase
675 4295 732 4344 inde
750 4297 856 4346 eximere
874 4313 922 4362 quo
935 4294 990 4349 DE
1006 4298 1062 4346 inde
1081 4298 1186 4346 eximere
1204 4293 1311 4362 quodB
1397 4297 1509 4345 admissa
1522 4346 1548 4385 Ἰ

285 4384 395 4446 precatio
415 4379 440 4434 D
550 4383 584 4435 25
610 4399 665 4432 cum
687 4385 760 4448 genui
783 4388 833 4434 tum
854 4383 939 4453 Neap.
959 4402 1014 4435 cum
1033 4387 1110 4450 geniti
1128 4395 1179 4436 tum
1198 4383 1225 4437 B
1243 4403 1299 4436 cum
1318 4383 1387 4452 genui
1404 4401 1461 4434 eum
1481 4383 1505 4437 D

286 4487 341 4523 cum
360 4472 451 4538 ingenii
470 4478 550 4521 tamen
570 4469 598 4524 Ε
684 4471 718 4525 28
737 4489 791 4522 cum
810 4475 876 4539 genii
895 4483 945 4522 tum
963 4473 991 4528 Ε
