3234 5336
302 381 343 440 20
577 377 657 420 DlAL.
678 377 706 422 11.
725 379 767 420 AD
791 378 932 420 SERENVM
951 377 1011 420 NEC
1031 378 1172 419 lNlVRlAM
1191 378 1251 420 NEC

299 542 366 583 rem
394 521 556 586 ,difficilem
588 531 681 604 optas
711 523 851 586 humano
882 525 1005 605 generi,
1035 525 1254 589 innocentiam.
1299 535 1332 588 et
1362 547 1427 587 non
1458 524 1516 588 fieri

299 649 410 690 eorum
433 629 578 704 interest,
608 630 660 709 qui
691 628 800 693 facturi
836 641 925 707 sunt,
956 652 1021 693 non
1045 632 1127 708 eiuS,
1156 633 1210 712 qui
1239 634 1304 714 pati
1334 653 1375 693 ne
1405 635 1431 692 si
1468 631 1516 693 fiat

298 737 427 816 quidem
451 744 566 817 potest
611 737 711 798 immo
744 739 850 800 nescio
882 759 921 800 an
953 739 1055 818 magis
1078 738 1159 800 uires
1182 739 1351 820 sapientiae
1373 739 1515 800 ostendat

301 843 505 923 tranquillitas
542 845 621 905 inter
656 843 857 920 lacessentia,
894 847 976 906 sicut
1006 846 1182 908 maximum
1221 855 1443 926 argumentum
1473 855 1514 906 est

272 950 495 1030 timperatoris
522 952 616 1012 armis
639 950 773 1032 uirisque
795 950 943 1032 pollentis
966 961 1036 1014 tuta
1050 953 1200 1014 securitas
1223 953 1253 1012 in
1276 951 1415 1013 hostium
1431 961 1513 1015 terra.

388 1057 427 1118 V.
455 1057 656 1132 Diuidamus,
681 1059 706 1118 si
729 1058 786 1120 tibi
808 1058 943 1134 uidetur,
967 1056 1095 1132 Serene,
1118 1059 1258 1120 iniuriam
1281 1078 1300 1119 a
1323 1058 1538 1121 contumeliat

296 1164 382 1245 prior
404 1164 454 1224 illa
476 1173 587 1226 natura
603 1166 728 1246 grauior
751 1173 807 1240 est,
831 1165 910 1226 haec
934 1165 1031 1227 leuior
1053 1174 1086 1226 et
1107 1175 1229 1228 tantum
1247 1164 1386 1227 delicatis
1410 1167 1512 1245 grauis,

296 1292 359 1351 qua
389 1292 453 1333 non
481 1270 648 1333 laeduntur
678 1271 838 1354 homines,
869 1274 926 1333 sed
959 1270 1172 1333 offenduntur.
1217 1281 1305 1333 tanta
1334 1281 1382 1333 est
1414 1282 1511 1334 tamen

296 1379 472 1440 animorum
504 1377 668 1440 dissolutio
699 1389 732 1440 et
762 1379 898 1454 uanitaS,
927 1387 962 1439 ut
985 1379 1114 1458 quidam
1138 1378 1211 1439 nihil
1235 1378 1376 1440 acerbius
1400 1386 1512 1460 putent
1591 1407 1594 1416 ·

257 1497 282 1537 10
296 1485 340 1546 sic
370 1486 508 1546 inuenies
539 1504 666 1546 seruum
696 1486 750 1565 qui
784 1484 914 1566 flagellis
945 1504 1041 1566 quam
1075 1484 1216 1565 colaphis
1247 1485 1336 1546 caedi
1369 1484 1458 1546 malit
1485 1493 1512 1545 et

294 1592 346 1672 qui
378 1600 514 1653 mortem
546 1611 582 1652 ac
613 1591 744 1653 uerbera
774 1591 986 1653 tolerabiliora
1026 1592 1134 1652 credat
1164 1611 1260 1671 quam
1292 1591 1512 1652 contumeliosa

294 1698 400 1759 uerba.
445 1700 487 1758 ad
518 1705 622 1759 tantas
646 1699 776 1780 ineptias
800 1706 987 1778 peruentum
1011 1707 1074 1771 est,
1106 1707 1140 1759 ut
1163 1718 1227 1758 non
1251 1697 1363 1758 dolore
1386 1703 1538 1770 tantuma

293 1804 350 1865 sed
382 1804 500 1866 doloris
531 1805 678 1886 opinione
710 1825 876 1879 uexemur,
914 1825 1004 1866 more
1034 1803 1223 1885 puerorum,
1253 1804 1366 1884 quihus
1400 1812 1512 1866 metum

294 1911 401 1972 incutit
440 1911 552 1972 umbra
591 1921 623 1972 et
660 1932 866 1994 personarum
911 1910 1095 1972 deformitas
1134 1921 1166 1973 et
1206 1912 1378 1992 deprauata
1418 1912 1513 1984 facies,

256 2031 279 2070 ¹⁵
294 2016 437 2078 lacrimas
461 2037 536 2078 uero
568 2028 702 2079 euocant
732 2019 860 2080 nomina
889 2037 1001 2100 parum
1030 2026 1120 2097 grata
1143 2019 1268 2078 auribus
1291 2026 1324 2078 et
1348 2019 1512 2098 digitorum

222 2105 226 2112 ²
294 2133 400 2185 motus
430 2132 462 2186 et
492 2125 552 2186 alia
582 2145 663 2205 quae
694 2126 801 2206 inpetu
839 2125 981 2204 quodam
1020 2125 1132 2186 erroris
1163 2125 1317 2206 inprouidi
1352 2123 1511 2203 refugiunt.

219 2241 222 2246 ’
293 2232 400 2292 iniuria
419 2232 617 2312 propositum
640 2231 702 2292 hoc
725 2231 831 2313 habet,
854 2229 990 2311 aliquem
1011 2229 1096 2292 malo
1120 2229 1264 2292 adficere.
1302 2230 1387 2292 malo
1410 2241 1539 2293 autema

293 2339 444 2418 sapientia
467 2346 531 2398 nort
554 2337 698 2418 relinquit
715 2337 828 2400 locum.
860 2358 956 2398 unum
974 2339 1057 2399 enim
1081 2337 1120 2397 illi
1138 2336 1255 2398 malum
1279 2347 1327 2399 est
1343 2339 1512 2420 turpitud0‚

292 2463 373 2522 quae
410 2444 524 2504 intrare
562 2465 601 2504 eo
641 2444 693 2505 ubi
732 2446 793 2506 iam
834 2445 931 2506 uirtus
959 2442 1192 2524 honestumque
1225 2453 1273 2505 est
1304 2464 1368 2504 non
1400 2452 1512 2527 potest.

252 2561 278 2602 20
293 2569 371 2629 ergo
395 2550 420 2610 si
444 2549 551 2610 iniuria
578 2550 645 2611 sine
669 2549 753 2612 malo
776 2549 861 2611 nulla
885 2561 948 2625 est,
973 2550 1092 2612 malum
1122 2551 1178 2612 nisi
1202 2559 1293 2631 turpe
1316 2549 1437 2612 nullum
1461 2560 1512 2622 est,

291 2664 383 2738 turpe
407 2666 513 2718 autem
536 2657 578 2718 ad
602 2656 741 2720 honestis
765 2666 955 2739 occupatum
983 2657 1147 2739 peruenire
1170 2677 1235 2717 non
1257 2665 1384 2738 potest:
1411 2657 1513 2718 iniuria

291 2764 333 2823 ad
356 2764 530 2844 sapientem
554 2785 618 2825 non
642 2765 792 2845 peruenit.
839 2784 913 2824 nam
945 2765 970 2824 si
993 2764 1099 2824 iniuria
1122 2762 1247 2824 alicuius
1271 2761 1344 2823 mali
1367 2763 1513 2844 patientia

291 2878 346 2944 est,
370 2871 493 2950 sapiens
525 2879 630 2932 autem
662 2870 773 2931 nullius
803 2869 876 2931 mali
908 2879 956 2931 est
986 2860 1123 2951 panem,
1156 2869 1239 2932 nulla
1269 2870 1310 2930 ad
1341 2871 1513 2951 sapientem

289 2975 396 3037 iniuria
418 2979 562 3057 pertinet.
602 2979 703 3038 omnis
727 2978 833 3038 iniuria
853 2978 1026 3039 deminutio
1050 2978 1115 3039 eius
1138 2987 1187 3038 est
1210 2977 1240 3036 in
1263 2997 1358 3056 quem
1382 2977 1543 3048 incurrit,t

249 3103 275 3143 as
290 3103 348 3142 nec
370 3077 478 3163 p'otest
500 3085 666 3164 quisquam
697 3085 837 3145 iniuriam
861 3085 1003 3166 accipere
1033 3085 1098 3145 sine
1121 3082 1226 3164 aliquo
1251 3069 1444 3144 detrimento
1469 3078 1515 3141 uel

289 3189 448 3268 dignitatis
479 3190 529 3251 uel
561 3175 712 3272 corporis
732 3190 782 3252 uel
812 3211 918 3253 rerum
950 3199 1042 3252 extra
1073 3211 1132 3252 nos
1164 3191 1345 3272 positarum.
1393 3190 1514 3270 sapiens

289 3304 395 3356 autem
427 3296 500 3357 nihil
530 3298 663 3380 perdere
687 3305 801 3379 potest.
848 3299 955 3359 omnia
977 3298 1008 3359 in
1031 3319 1065 3359 se
1089 3298 1244 3379 reposuit,
1275 3294 1348 3356 nihil
1371 3294 1516 3356 fortunae

289 3401 429 3478 credidit,
453 3403 538 3464 bona
561 3425 617 3465 sua
639 3405 670 3465 in
693 3403 796 3465 solido
819 3404 923 3479 habet,
947 3414 1114 3466 contentus
1131 3405 1253 3477 uirtute,
1276 3421 1358 3482 quae
1381 3400 1514 3463 fortuitis

288 3528 352 3568 non
367 3496 502 3590 'indiget
533 3511 669 3592 ideoque
700 3531 758 3572 nec
789 3513 896 3592 augeri
932 3531 990 3572 nec
1021 3511 1116 3572 minui
1146 3519 1262 3592 potest.
1316 3529 1390 3570 nam
1424 3517 1458 3569 et
1487 3508 1515 3567 in

248 3635 274 3676 30
288 3635 446 3676 summum
477 3619 630 3698 perducta
660 3619 843 3680 incrementi
874 3638 937 3679 non
968 3617 1088 3679 habent
1119 3616 1224 3679 locum
1257 3626 1289 3678 et
1319 3615 1394 3676 nihil
1428 3614 1516 3695 eripit

288 3719 414 3782 fortuna
448 3724 504 3784 nisi
542 3727 629 3805 quod
661 3726 756 3786 dedit
817 3727 963 3787 uirtutem
1002 3734 1109 3787 autem
1140 3745 1204 3785 non
1235 3725 1306 3798 dat,
1344 3721 1420 3783 ideo
1461 3739 1516 3781 nec

288 3827 432 3891 detrahit.
478 3829 576 3891 libera
599 3841 663 3906 est,
695 3831 894 3906 inuiolabilis‚
927 3833 1063 3906 inmota,
1094 3833 1296 3905 inconcussa,
1329 3829 1372 3889 sic
1406 3837 1517 3890 contra

287 4061 302 4113 3
328 4063 462 4126 sapientiae
487 4061 599 4109 ostendat
623 4062 784 4125 tranquillitas
809 4060 918 4132 Haupt:
949 4063 1069 4127 sapientia
1094 4063 1207 4111 ostendat
1225 4060 1409 4126 tranquillitatis

287 4149 488 4214 himperatoria
585 4148 757 4201 80ffeduntur
850 4156 918 4201 tanta
937 4159 971 4201 est
991 4154 1041 4201 tar'n
1061 4150 1087 4203 th
1106 4165 1163 4203 ras.
1259 4151 1324 4227 tet·
1338 4148 1373 4201 30
1394 4149 1475 4198 nichil
1493 4153 1516 4198 et

227 4335 234 4340 ι
285 4273 449 4357 εἰσιεεηῳθν
469 4270 503 4326 de
521 4288 574 4341 quo
592 4270 660 4326 nihil
677 4273 704 4325 in
722 4279 862 4345 posterum
880 4274 1069 4329 admonebitur
1159 4275 1188 4326 ll
1210 4220 1359 4324 tolerabldra
1381 4273 1412 4340 (li
1426 4290 1461 4326 m.
1473 4286 1516 4341 pr.

285 4398 433 4466 superscr.)
485 4397 515 4450 lh
535 4399 626 4462 impetu
677 4398 710 4451 17
729 4401 827 4450 afficere
875 4402 908 4454 21
927 4347 1037 4452 hlnestis
1085 4399 1119 4452 28
1138 4400 1241 4450 eredidit
1258 4395 1418 4467 Woelfflin:
1441 4397 1516 4448 credit

374 4489 408 4539 30
426 4489 519 4536 habent
538 4485 638 4556 Neap.:
660 4493 735 4542 hahet
808 4491 840 4544 32
861 4492 964 4542 immota
