3212 5318
284 322 346 382 244
481 315 559 356 nint.
576 315 605 358 Χ,
633 314 676 354 Ab
692 313 846 354 PAVLlNVM
862 313 903 353 DE
918 313 1089 356 BREVlTATE
1103 312 1202 356 VITAE.
1234 315 1264 356 ts.
1278 313 1312 355 20.

271 435 492 542 respondeat,
520 479 561 520 an
583 460 624 521 ad
656 458 734 520 haec
757 479 846 522 sacra
869 467 902 522 et
924 457 1069 530 sublimia
1090 457 1224 520 accedas
1246 457 1395 530 sciturus,
1426 473 1506 535 quae

285 567 416 628 materia
438 565 478 628 sit
502 566 565 640 dis,
597 585 679 646 quae
703 565 864 648 uoluptaS,
893 585 975 647 quae
998 566 1151 640 condicio
1175 585 1256 647 quae
1279 563 1403 626 torma?
1444 561 1507 642 quis

199 707 203 716 ·
285 674 424 735 animum
448 681 538 733 tuum
562 691 651 734 casus
675 681 833 754 expectet,
856 671 908 734 ubi
925 692 985 733 nos
1000 694 1020 734 a
1035 671 1220 752 corporibus
1235 670 1381 732 dimissos
1398 677 1509 730 natura

285 782 466 861 conponat?
495 779 571 858 quid
593 780 633 840 sit
656 778 742 859 quod
766 777 856 840 huius
873 779 981 840 mundi
997 778 1183 858 grauissima
1197 795 1339 859 quaeque
1355 778 1386 838 in
1402 775 1508 837 medio

246 909 257 944 a
285 887 454 959 sustineat,
484 867 578 967 supra
601 884 680 946 leuia
703 885 890 967 suspendat,
915 886 944 946 in
968 905 1128 948 summum
1152 886 1258 965 ignem
1282 882 1376 958 ierat,
1407 883 1510 944 sidera

286 990 405 1054 uicibus
435 992 497 1053 suis
529 992 665 1054 excitet?
706 1001 810 1054 cetera
841 993 990 1074 deinceps
1020 993 1198 1073 ingentibus
1229 990 1322 1072 plena
1346 988 1510 1051 miraculis.

286 1099 331 1159 uis
369 1107 403 1160 tu
434 1097 542 1160 relicto
573 1097 642 1159 solo
674 1107 780 1160 mente
811 1100 852 1160 ad
884 1099 943 1160 ista
972 1099 1147 1180 respicere?
1186 1117 1284 1172 nunc,
1319 1099 1396 1158 dum
1430 1095 1538 1159 calet?

285 1205 427 1284 sanguis,
459 1203 636 1285 uigentibus
660 1203 796 1283 genibus
818 1206 860 1266 ad
884 1205 1014 1267 meliora
1037 1206 1176 1266 eundum
1199 1213 1256 1268 est.
1303 1211 1459 1285 expectat
1481 1211 1509 1263 te

286 1313 316 1372 in
339 1309 401 1372 hoc
425 1331 539 1390 genere
563 1312 646 1373 uitae
670 1311 802 1374 multum
825 1311 981 1374 bonarum
998 1312 1119 1385 artium,
1143 1331 1235 1372 amor
1250 1312 1401 1373 uirtutum
1418 1322 1510 1391 atque

177 1470 183 1479 ,
249 1439 272 1477 ιο
286 1438 368 1492 usus,
393 1418 609 1498 cupiditatium
632 1417 760 1492 obliui0,
782 1418 910 1479 uiuendi
933 1438 970 1480 ac
994 1418 1147 1479 moriendi
1162 1418 1301 1492 scientia,
1324 1417 1390 1478 alta
1406 1437 1508 1478 rerum

285 1524 380 1604 quies.
427 1524 568 1584 omnium
592 1523 722 1604 quidem
746 1532 974 1605 occupatorum
998 1525 1142 1586 condicio
1168 1525 1280 1586 misera
1303 1532 1367 1598 est,
1401 1532 1538 1584 eoruml

285 1639 392 1692 tamen
418 1630 598 1703 miserrima,
622 1631 674 1711 qui
698 1650 737 1692 ne
761 1632 822 1692 suis
845 1631 974 1710 quidem
998 1630 1144 1692 laborant
1167 1630 1446 1712 occupationibus,
1471 1629 1510 1704 ad

286 1735 421 1798 alienum
446 1735 605 1798 dormiunt
592 1745 785 1809 tsomnum,
810 1737 851 1798 ad
875 1735 1010 1799 alienum
1034 1736 1197 1798 ambulant
1221 1738 1372 1818 gradum,
1406 1755 1510 1798 amare
1597 1809 1598 1814 ἵ

287 1851 319 1904 et
342 1843 454 1916 odisse,
479 1861 529 1902 res
552 1843 692 1903 omnium
716 1840 898 1917 liberrimas,
922 1843 1076 1906 iubentur
1109 1842 1179 1905 hi'
1155 1863 1180 1905 sr
1197 1831 1304 1905 uolent
1291 1843 1401 1905 tscire
1417 1861 1509 1923 quam

250 1970 272 2008 u
287 1949 422 2010 breuis
415 1968 554 2030 ipsorum
580 1949 643 2009 uita
666 1949 713 2023 sit,
738 1951 878 2030 cogitent
901 1969 943 2010 ex
966 1958 1065 2030 quota
1088 1957 1178 2031 parte
1201 1969 1258 2011 sua
1279 1951 1328 2011 sit.

376 2054 447 2116 XX.
495 2053 574 2116 Cum
609 2055 722 2116 uideris
754 2057 859 2136 itaque
890 2065 1090 2135 praetextam
1122 2075 1217 2136 saepe
1248 2057 1309 2116 iam
1342 2064 1537 2136 sumptamt
1597 2043 1598 2138 l

286 2181 357 2224 cum
388 2160 513 2224 celebre
544 2162 574 2222 in
599 2160 667 2222 foro
692 2181 825 2237 nomen,
856 2181 896 2222 ne
919 2162 1083 2224 inuideris:
1117 2164 1176 2224 ista
1207 2164 1289 2224 uitae
1313 2163 1436 2223 damno
1457 2181 1508 2240 pa·
1597 2139 1598 2158 ¹

287 2276 401 2330 rantur.
447 2276 480 2328 ut
504 2288 582 2329 unus
606 2266 728 2328 abillis
752 2275 934 2330 numeretur
956 2288 1063 2344 annus,
1087 2269 1191 2329 omnis
1215 2288 1314 2329 annos
1338 2287 1416 2328 suos
1439 2287 1508 2328 con-

287 2381 399 2436 terunt.
445 2374 602 2452 quosdam
639 2382 808 2454 antequam
845 2375 876 2435 in
912 2395 1071 2448 summum
1103 2374 1283 2436 ambitionis
1314 2375 1510 2447 eniterentur,

247 2501 273 2540 ‘zo
287 2480 367 2540 inter
405 2481 507 2560 prima
545 2479 689 2542 luctantis
719 2491 806 2542 aetas
838 2481 966 2562 reliquit.
1013 2482 1170 2563 quosdam
1202 2501 1274 2543 cum
1305 2481 1336 2542 in
1367 2498 1531 2556 consum
1597 2527 1598 2568 ,

288 2587 461 2672 mationem
486 2586 645 2666 dignitatis
660 2607 724 2668 per
737 2585 831 2648 'mille
853 2586 1053 2666 indignitates
1070 2588 1267 2668 erepsissent,
1290 2587 1407 2648 misera
1422 2586 1512 2648 subiit

289 2693 438 2772 cogitatio
470 2691 631 2754 laborasse
661 2694 745 2774 ipsos
778 2695 808 2753 in
839 2693 963 2756 titulum
994 2694 1134 2776 sepulcri.
1180 2695 1383 2774 quorundam
1408 2693 1511 2756 ultima

288 2809 448 2873 senectus,
476 2801 553 2861 dum
577 2800 607 2860 in
631 2820 730 2862 nouas
754 2819 826 2880 spes
850 2809 884 2860 ut
907 2801 1034 2862 iuuenta
1057 2800 1248 2881 disponitur,
1279 2801 1360 2862 inter
1384 2808 1512 2862 conatus

289 2925 423 2985 magnos
447 2915 479 2967 et
502 2895 652 2986 inprobos
675 2904 811 2968 inualida
834 2905 956 2968 deiecit
1003 2907 1116 2968 foedus
1139 2906 1203 2982 ille,
1227 2927 1323 2988 quem
1348 2908 1378 2969 in
1402 2907 1540 2968 indictos

249 3031 275 3070 rs
288 3033 347 3092 pro
378 3012 580 3092 ignotissimis
611 3011 818 3092 litigatoribus
850 3015 1003 3092 grandem
1035 3022 1110 3075 natu
1141 3022 1173 3074 et
1203 3015 1354 3096 inperitae
1377 3033 1512 3076 coronae

289 3119 493 3180 adsensiones
532 3127 711 3199 captantem
751 3120 875 3201 spiritus
915 3118 1009 3200 liquit.
1056 3121 1153 3200 turpis
1187 3121 1254 3194 ille,
1293 3122 1348 3201 qui
1379 3119 1512 3182 uiuendo

289 3225 389 3288 lassus
413 3225 500 3288 citius
524 3246 619 3305 quam
644 3225 820 3287 laborando
836 3227 916 3287 inter
930 3229 997 3307 ipsa
1015 3226 1117 3288 officia
1134 3227 1302 3308 conlapsus
1319 3236 1375 3290 est.
1406 3229 1511 3306 turpiS,

224 3433 226 3442 ’
289 3437 305 3489 2
332 3438 378 3486 diis
397 3435 498 3506 Neap.:
520 3438 553 3486 di.
574 3435 699 3502 (iuras.)
828 3438 908 3508 dnos
928 3455 942 3486 a
960 3439 1105 3502 corporibus
1125 3437 1211 3506 Neap.
1232 3434 1278 3504 (cs.
1300 3436 1335 3490 de
1354 3445 1427 3489 const
1454 3451 1511 3506 sap.

292 3563 332 3623 19,
354 3565 382 3619 2;
404 3576 463 3631 epp.
479 3564 521 3621 49,
540 3564 585 3618 tl;
606 3578 651 3610 nos
671 3563 841 3625 ecorporibus
855 3559 993 3632 Madm'qlz
1015 3578 1060 3611 nos
1073 3537 1199 3628 dorporib3
1222 3563 1248 3626 (ι
1268 3561 1409 3626 incertum)

289 3684 460 3749 deomp0⁰8l
562 3663 636 3750 quaeqt
739 3685 850 3737 isoio*
953 3686 1132 3751 Suigentibus
1150 3688 1254 3752 genibus
1274 3683 1350 3738 Koctt
1370 3685 1511 3752 (uigentibus

291 3828 400 3876 sensibus
421 3823 559 3894 Mothrim:
581 3827 717 3890 uigentibus
826 3779 952 3893 expectatte
1020 3825 1093 3880 '10
1117 3829 1167 3876 alta
1186 3825 1249 3880 otim
1269 3842 1358 3882 com:
1379 3827 1426 3876 alia

294 3914 325 3967 13
352 3931 436 3964 amare
455 3921 477 3963 et
497 3916 578 3963 odisse
597 3931 634 3963 res
654 3913 817 3969 deteriores:
840 3917 1034 3966 amarietodisset
1053 3933 1090 3967 res
1181 3915 1214 3968 16
1233 3917 1346 3966 uideris*
1384 3927 1387 3937 ·
1433 3914 1463 3966 17
1482 3930 1510 3962 ne

292 4004 316 4050 in
334 4004 424 4052 uideris
442 3999 503 4055 cod.
521 4019 552 4051 ne
571 4005 685 4052 inuideris
701 4001 782 4056 Gertz
803 4004 958 4058 dubitanter
977 4022 1026 4054 non
1038 4007 1153 4055 inuideris
1165 4003 1248 4075 rrrrtqo
1341 4005 1373 4056 18
1391 4009 1509 4055 conterunt

294 4088 390 4144 Gerra:
412 4097 538 4142 conterent
647 4091 679 4143 19
708 4100 837 4157 antequam
856 4092 982 4147 Fickert:
1004 4101 1060 4143 ante
1084 4101 1117 4145 cst
1227 4095 1392 4144 ambitionis*

292 4179 324 4230 21
353 4181 496 4244 erepsissent
515 4175 680 4234 Rationum
701 4182 832 4243 erupissent
922 4184 995 4232 subiit
1013 4178 1155 4235 Muretus:
1175 4185 1240 4232 subit
1332 4181 1365 4235 25
1390 4182 1508 4245 imperitae

197 4380 207 4390 N
292 4317 457 4373 deteriores:
479 4321 587 4384 inpedite
675 4279 850 4372 Qliassensiones
940 4269 1082 4388 turpislnreruti
1096 4287 1161 4376 ¹cort.
1181 4323 1232 4377 sed
1250 4325 1390 4395 repetitum
1407 4322 1445 4370 ille
1464 4317 1507 4371 ad·

293 4407 402 4460 modum
423 4407 546 4474 duplicet
