3212 5326
277 323 318 382 74
635 317 714 360 nlnt.
730 318 768 362 tv.
797 317 905 358 DEIRA
920 315 975 359 ΗΒ.
991 315 1020 357 11.
1050 316 1137 357 lt-ld.

275 462 479 542 obiurgemus
503 462 730 526 credulitatem.
775 463 855 526 haec
878 463 962 524 enim
986 461 1151 542 castigatio
1175 460 1430 522 consuetudinem
1452 460 1488 523 el-

275 567 358 630 ficiet
380 588 445 630 non
468 567 557 630 facile
580 570 738 638 credendi.
1283 621 1286 632 .

364 675 469 737 XXV.
515 675 593 737 Inde
624 685 656 738 et
687 675 762 738 illud
792 676 946 758 sequitur,
986 683 1021 736 ut
1052 674 1187 736 minimis
1217 673 1518 754 sordidissimisquel

275 782 370 844 rebus
392 801 457 843 non
472 782 715 845 'exacerbemun
761 803 873 864 parum
897 782 986 864 agilis
1014 790 1063 844 est
1085 801 1163 863 puer
1186 789 1240 842 aut
1262 778 1398 863 tepidior
1419 800 1491 861 aqua

248 897 390 970 spoturo
414 897 468 950 aut
491 889 635 951 turbatus
658 897 747 951 torus
770 899 824 951 aut
847 909 958 952 mensa
980 885 1198 969 neglegentius
1220 887 1342 970 posita:
1378 887 1418 949 ad
1440 887 1492 947 ista

275 997 423 1057 concitari
446 995 564 1066 insania
586 1005 643 1057 est.
689 1015 785 1076 aeger
812 1005 845 1058 et
867 995 995 1059 infelicis
1018 993 1205 1056 ualetudinis
1236 1002 1284 1056 est
1307 1012 1403 1074 quem
1424 990 1493 1053 leuis
1594 1061 1595 1064 Ἴ

274 1122 350 1164 aura
373 1101 539 1176 contraxit,
563 1099 678 1164 adfecti
702 1103 783 1164 oculi
805 1123 886 1184 quos
909 1102 1043 1164 candida
1066 1101 1162 1164 uestis
1185 1099 1378 1174 obturbauit,
1401 1099 1492 1160 disso-

274 1205 357 1269 lutus
389 1206 506 1270 deliciis
536 1209 622 1270 cuius
657 1206 737 1272 latus
776 1208 878 1270 alieno
909 1206 1019 1272 labore
1058 1207 1229 1270 condoluit.
1283 1205 1522 1285 Mindyridem2

274 1315 359 1376 aiunt
382 1313 476 1376 fuisse
508 1335 550 1376 ex
573 1313 793 1395 Sybaritarum
824 1294 958 1378 ciuitate.
1004 1315 1152 1396 quicum
1176 1315 1305 1376 uidisset
1328 1312 1492 1375 fodientem

237 1441 259 1482 io
274 1429 306 1482 et
329 1419 420 1483 altius
443 1430 577 1483 rastrum
600 1420 816 1497 adleuantem,
847 1422 963 1484 lassum
994 1442 1029 1483 se
1052 1420 1118 1483 fieri
1141 1430 1270 1502 questus
1293 1423 1394 1482 uetuit
1416 1416 1494 1480 illum

257 1547 354 1611 ‚opus
376 1527 407 1588 in
435 1537 607 1610 conspectu
630 1549 687 1590 suo
716 1527 827 1590 facere.
872 1529 958 1590 idem
981 1527 1100 1590 habere
1123 1547 1157 1589 se
1180 1528 1268 1608 peius
1291 1535 1494 1608 questusest,

273 1633 362 1714 quod
400 1632 479 1696 foliis
507 1655 599 1696 rosae
639 1633 802 1716 duplicatis
833 1634 1033 1696 incubuisset.
1076 1633 1131 1696 ubi
1168 1634 1308 1695 animum
1346 1632 1438 1696 simul
1467 1640 1523 1694 et3

274 1760 387 1820 corpus
402 1739 582 1822 uoluptates
598 1761 774 1822 corrupere,
797 1739 870 1802 nihil
891 1739 1054 1803 tolerabile
1077 1741 1207 1814 uidetur,
1230 1760 1295 1801 non
1318 1741 1392 1821 quia
1416 1740 1494 1813 dura,

273 1846 329 1908 sed
361 1849 433 1928 quia
464 1847 567 1909 mollis
597 1849 722 1929 patitur.
773 1848 850 1928 quid
883 1857 930 1910 est
954 1848 1053 1922 enim,
1084 1867 1139 1909 cur
1169 1847 1262 1908 tussis
1293 1845 1420 1909 alicuius
1449 1856 1497 1908 aut

234 1972 257 2012 n
271 1944 556 2016 sternutamentum
587 1964 641 2017 aut
671 1974 921 2036 muscaparum
946 1955 1067 2016 curiose
1099 1953 1207 2035 iugata
1228 1955 1259 2015 in
1283 1953 1405 2016 rabiem
1429 1961 1497 2033 agat

271 2069 325 2122 aut
348 2061 536 2124 obuersatus
559 2061 643 2122 canis
667 2070 720 2123 aut
753 2060 848 2123 clauis
871 2059 1068 2142 deglegentis
1099 2061 1181 2123 serui
1205 2059 1350 2122 manibus
1375 2059 1496 2142 elapsa?

270 2165 350 2228 feret
380 2168 439 2228 iste
470 2188 573 2248 aequo
604 2169 710 2230 animo
744 2167 831 2230 ciuile
862 2169 1038 2230 conuicium
1075 2177 1107 2230 et
1137 2169 1260 2247 ingesta
1290 2167 1321 2228 in
1354 2167 1525 2247 contionel
1597 2241 1598 2244 Ἴ

271 2274 394 2335 curiaue
426 2273 609 2349 maledicta,
648 2275 733 2336 cuius
764 2295 855 2336 aures
891 2275 982 2336 tracti
1019 2273 1156 2336 subsellii
1195 2273 1311 2335 stridor
1348 2273 1496 2335 offendit?

270 2380 463 2460 perpetietur
493 2379 544 2441 hic
573 2379 691 2442 samem
723 2389 755 2442 et
785 2381 924 2442 aestiuae
952 2380 1163 2463 expeditionis
1187 2381 1287 2455 sitim,
1317 2381 1371 2460 qui
1401 2399 1496 2461 puero

232 2511 258 2550 au
272 2483 356 2546 male
379 2484 509 2547 diluenti
531 2487 635 2548 niuem
659 2488 819 2549 irascitur?
858 2487 942 2549 nulla
971 2488 1077 2568 itaque
1110 2506 1160 2548 res
1183 2487 1284 2566 magis
1306 2486 1495 2548 iracundiam

168 2621 173 2632 ·
273 2589 327 2651 alit
357 2611 453 2671 quam
485 2591 607 2654 luxuria
629 2594 841 2674 intemperans
865 2603 897 2654 et
920 2594 1091 2674 inpatiens:
1127 2593 1204 2654 dure
1227 2595 1414 2655 tractandus
1436 2593 1495 2654 ani·

272 2717 343 2759 mus
367 2708 423 2773 est,
447 2707 481 2761 ut
503 2700 600 2761 ictum
623 2720 687 2762 non
711 2701 825 2762 sentiat
847 2701 906 2762 nisi
927 2720 1067 2780 grauem.

361 2805 479 2898 XXVI.
511 2806 675 2868 Irascimur
699 2815 752 2868 aut
775 2807 827 2881 iis,
857 2828 877 2868 a
906 2807 1020 2888 quibus
1050 2827 1090 2868 ne
1121 2807 1263 2887 accipere
1293 2806 1425 2887 quidem
1454 2805 1526 2868 in·l

262 2911 379 2973 ’iuriam
411 2913 588 2993 potuimus,
619 2921 673 2974 aut
704 2913 755 2986 iis,
794 2933 813 2973 a
843 2912 956 2994 quibus
987 2913 1127 2994 accipere
1156 2912 1298 2973 iniuriam
1329 2913 1498 2994 potuimus,

231 3038 257 3080 u
272 3038 314 3079 ex
337 3017 492 3100 prioribus
508 3019 666 3098 quaedam
690 3020 756 3080 sine
779 3039 871 3080 sensu
895 3028 976 3093 sunt,
999 3028 1033 3079 ut
1056 3017 1142 3092 liber,
1165 3037 1260 3100 quem
1283 3019 1527 3081 minutioribus2

272 3123 380 3185 litteris
410 3125 561 3205 scriptum
591 3145 687 3206 saepe
716 3126 907 3207 proiecimus
938 3133 971 3186 et
1002 3126 1192 3186 mendosum
1215 3123 1439 3199 lacerauimu3‚
1468 3132 1499 3184 ut

271 3230 476 3305 uestimenta,
507 3251 604 3312 quae,
636 3232 709 3313 quia
739 3231 963 3312 displicebant,
991 3230 1157 3293 scidimus¹
1203 3231 1251 3292 his
1283 3232 1374 3293 irasci
1405 3251 1497 3312 quam

271 3334 399 3397 stultum
426 3344 490 3411 est,
521 3355 602 3418 quae
624 3338 702 3400 iram
719 3346 861 3399 nostram
884 3357 944 3399 nec
967 3345 1147 3400 meruerunt
1171 3357 1230 3400 nec
1252 3339 1415 3400 sentiunt?
1444 3337 1527 3399 sed3

272 3442 436 3504 offendunt
459 3463 518 3504 nos
542 3444 687 3505 uidelicet
710 3445 763 3525 qui
786 3444 836 3505 illa
859 3442 1007 3506 fecerunt.
1053 3444 1190 3525 primum
1211 3463 1307 3526 saepe
1327 3451 1498 3527 antequam

232 3569 258 3608 au
273 3548 335 3610 hoc
359 3549 441 3630 apud
465 3570 524 3611 nos
548 3551 776 3630 distinguamus
799 3551 967 3612 irascimur.
1004 3551 1119 3611 deinde
1134 3548 1268 3611 fortasse
1290 3549 1349 3631 ipsi
1373 3569 1499 3630 quoque

273 3653 406 3716 artifices
445 3657 664 3718 excusationes
695 3657 790 3717 iustas
830 3654 981 3717 adferent.
1033 3655 1108 3717 alius
1147 3675 1210 3716 non
1248 3656 1351 3736 potuit
1390 3655 1499 3718 melius

276 3885 504 3948 leastigastigatio
607 3885 622 3937 3
642 3886 703 3935 illud
723 3886 750 3951 (d
769 3884 854 3950 corr.)
957 3883 974 3935 4
993 3886 1099 3950 tepidior
1118 3902 1182 3949 aqua
1203 3884 1275 3952 (ora
1294 3883 1321 3936 in
1341 3884 1411 3952 ras.)

273 3973 287 4022 ἵ)
309 3975 416 4022 turbatus
438 3955 502 4022 lhor'
524 3968 597 4040 (thor’
618 3971 733 4038 iuras.)
832 3973 847 4024 6
867 3989 925 4037 eger
1022 3974 1161 4023 ualitudinis
1181 3973 1199 4038 (i
1215 3972 1306 4042 prima
1326 3975 1411 4042 corr.)

273 4061 288 4112 7
308 4063 390 4111 affecti
409 4060 498 4129 (prior
517 4061 529 4110 s
546 4061 629 4127 corr.)
701 4063 843 4110 obturbauit
856 4058 979 4113 'Mulierz
1001 4062 1117 4110 obturbat
1191 4061 1224 4114 10
1242 4062 1389 4112 alleuantem
1410 4062 1500 4131 (prior

272 4149 281 4197 l
299 4150 383 4215 corr.)
490 4149 520 4201 ll
541 4150 607 4198 idem
627 4150 719 4199 habere
738 4166 764 4210 se
781 4152 850 4215 peius
869 4147 994 4218 Maduiq,
1013 4151 1079 4198 idem
1098 4149 1153 4202 iam
1172 4145 1312 4203 Muretus:
1333 4150 1386 4202 bila
1407 4152 1500 4200 habere

272 4240 353 4302 sepius
372 4239 434 4304 (bile
454 4252 526 4291 corr.
546 4237 573 4290 tit
592 4239 659 4304 rar.)
755 4238 786 4308 12
805 4254 860 4287 rose
880 4237 904 4304 (e
922 4239 1006 4305 corr.)
1093 4238 1125 4289 14
1145 4255 1187 4288 cur
1200 4241 1269 4288 tussis
1289 4242 1365 4305 (curt
1384 4237 1413 4290 in
1433 4239 1498 4304 ras.)

367 4327 401 4379 ri
420 4329 464 4378 iste
484 4328 501 4388 (i
520 4326 604 4392 corr.)
710 4327 741 4380 19
760 4329 834 4391 estiue
854 4327 878 4392 (e
897 4327 981 4393 corr.)
1074 4327 1107 4380 23
1127 4343 1157 4378 ne
1176 4329 1290 4392 accipere
1308 4328 1409 4392 quidem
1429 4325 1499 4394 cod,

272 4431 316 4464 nec
336 4417 449 4479 accipere
467 4413 549 4484 uulqo
622 4413 656 4467 30
675 4422 732 4480 aput
804 4414 837 4468 31
858 4416 958 4464 afferent
