3184 5318
314 397 391 441 utne.
408 398 445 442 Vl.
476 397 730 440 notmnclnmlm
745 373 989 441 CONSOLATIONE:
1018 400 1050 441 111.
1233 405 1292 464 143

85 544 295 626 abluturosque
320 545 396 606 dum
420 546 541 620 uiuent,
566 565 630 607 non
654 545 781 620 flemus,
814 545 956 626 quamuis
979 544 1083 606 omnis
1106 563 1179 606 usus
1203 533 1294 605 nobis
1341 515 1346 526 Ι

84 649 190 713 illorum
224 671 297 713 cum
329 660 498 733 conspectu
529 661 656 734 ereptus
687 652 741 713 sit:
780 652 887 734 opinio
920 661 968 714 est
999 669 1092 732 erg0,
1124 671 1205 732 quae
1236 672 1295 713 nos

12 820 14 829 ,
84 758 181 820 cruciat
215 767 246 819 et
278 759 355 820 tanti
386 761 537 841 quodque
568 758 685 820 malum
709 767 773 834 est,
804 759 910 840 quanti
935 757 1008 820 illud
1032 758 1219 820 taxauimus.
1266 758 1295 819 in

84 873 174 927 nostra
211 872 372 946 potestate
403 866 577 928 remediula
608 863 778 927 habemus:
818 865 993 930 iudicemus
1021 863 1090 928 illos
1121 863 1233 926 abesse
1264 872 1296 926 et

84 981 194 1034 nosmet
219 972 286 1056 ipsi·
300 970 450 1033 fallamus.
497 971 671 1034 dimisimus
695 969 771 1046 illos,
795 971 893 1033 immo
917 971 1113 1034 consecuturi
1137 970 1294 1052 praemisi·
1311 988 1322 1026 n

58 1089 146 1139 lmus.
194 1086 305 1140 mouet
330 1086 361 1139 et
384 1077 459 1140 illud
483 1076 661 1158 lugentem:
689 1098 753 1139 non
778 1079 834 1141 erit
858 1078 910 1159 qui
935 1097 986 1139 me
1009 1075 1176 1152 defendat,
1209 1077 1297 1158 quia

83 1192 256 1268 contemptu
288 1185 433 1246 uindicet.
480 1193 514 1246 ut
545 1185 673 1246 minime
697 1183 867 1266 probabili,
896 1186 954 1248 sed
978 1205 1053 1246 uero
1077 1183 1194 1246 solacio
1218 1192 1296 1257 utar,

82 1293 105 1352 in
126 1292 248 1354 ciuitate
272 1299 379 1354 nostra
403 1291 472 1374 plus
496 1292 616 1372 gratiae
639 1289 758 1354 orbitas
780 1291 900 1356 confert
916 1311 1012 1374 quam
1030 1291 1126 1372 eripit,
1151 1292 1296 1372 adeoque

82 1406 265 1460 senectutem
290 1397 444 1466 solitudo,
475 1419 556 1478 quae
580 1396 704 1460 solebat
728 1399 905 1472 destruere,
937 1398 978 1460 ad
1002 1397 1177 1479 potentiam
1202 1397 1296 1471 ducit,

83 1515 109 1566 ut
135 1506 263 1586 quidam
297 1505 371 1566 odia
401 1503 533 1566 filiorum
565 1503 711 1566 simulent
735 1513 767 1566 et
790 1503 905 1566 liberos
929 1507 1048 1566 ciurent
1072 1513 1103 1566 et
1127 1503 1295 1566 orbitatem
1313 1515 1336 1557 ¹0

57 1619 68 1664 :r
84 1631 163 1673 manu
187 1611 312 1673 iaciant.
361 1611 426 1673 scio
449 1611 524 1693 quid
549 1612 652 1674 dicas:
688 1631 751 1672 non
777 1621 905 1673 mouent
930 1631 981 1673 me
1005 1611 1193 1673 detrimenta
1217 1630 1296 1671 mea.

83 1719 184 1780 etenim
224 1738 290 1779 non
322 1727 370 1780 est
401 1718 513 1798 dignus
544 1717 677 1793 solaci0‚
717 1719 768 1800 qui
799 1716 895 1780 tilium
927 1717 984 1780 sibi
1016 1718 1188 1780 decessisse
1218 1717 1297 1808 sicut

84 1826 260 1908 mancipium
294 1823 426 1886 moleste
457 1824 531 1900 sert,
564 1825 611 1886 cui
642 1826 810 1908 quicquam
841 1826 870 1886 in
901 1823 965 1886 filio
996 1824 1150 1905 respicere
1174 1832 1297 1904 praeter

82 1931 169 2011 ipsum
201 1941 304 1994 uacat.
350 1931 425 2014 quid
449 1932 543 2013 igitur
566 1943 612 2006 te,
645 1931 778 2006 Marcia,
809 1936 938 1994 mouet?
979 1939 1082 1993 utrum
1107 1932 1194 2012 quod
1218 1929 1297 1992 filins

82 2045 142 2098 tuus
172 2037 324 2112 decessit,
355 2059 393 2100 an
426 2040 514 2119 quod
539 2059 602 2100 non
627 2039 677 2100 diu
701 2038 800 2100 uixit?
832 2038 855 2098 si
880 2039 966 2120 quod
990 2038 1140 2112 decessit,
1159 2037 1297 2118 'semper
1315 2051 1337 2089 ¹5

62 2143 204 2207 ldebuisti
246 2143 361 2206 dolere.
408 2164 535 2226 semper
571 2143 655 2206 'enim
694 2145 777 2207 scisti
817 2146 1010 2208 moriturum.
1062 2143 1167 2224 cogita
1209 2141 1298 2204 nullis

82 2248 253 2313 defunctum
287 2250 374 2312 malis
406 2249 513 2324 adfici,
544 2249 595 2312 illa
625 2269 706 2332 quae
736 2251 828 2314 nobis
859 2251 973 2313 interos
998 2250 1113 2312 iaciunt
1137 2248 1297 2324 terribiles,

83 2355 208 2419 fabulam
235 2377 321 2431 esse,
353 2355 450 2420 nullas
475 2358 625 2419 inminere
649 2359 780 2420 mortuis
803 2358 950 2421 tenebras
975 2378 1032 2419 nec
1056 2377 1214 2420 carcerem
1240 2377 1298 2418 nec

83 2461 198 2525 flumina
228 2463 302 2544 igne
335 2461 498 2544 flagrantia
529 2483 586 2526 nec
610 2463 811 2527 Obliuionem
845 2484 971 2526 amnem
995 2484 1054 2526 nec
1079 2462 1243 2526 tribunalia
1266 2473 1298 2526 et

83 2590 145 2632 reos
167 2578 198 2632 et
221 2570 252 2632 in
276 2568 327 2632 illa
349 2568 494 2632 libertate
518 2579 582 2633 tam
608 2570 681 2633 laxa
713 2570 792 2632 ullos
815 2572 927 2633 iterum
951 2580 1113 2651 tyrannos.
1161 2570 1300 2633 luserunt
1311 2581 1339 2654 .²⁰

56 2679 67 2726 ἴ»
82 2679 134 2739 ista
155 2686 270 2760 poetae
294 2684 327 2738 et
349 2678 435 2738 uanis
459 2697 517 2740 nos
540 2678 700 2759 agitauere
724 2677 900 2740 terroribus
949 2698 1035 2740 mors
1059 2677 1205 2740 dolorum
1229 2697 1297 2738 om-

82 2784 157 2846 nium
189 2783 332 2846 exolutio
363 2794 411 2846 est
441 2793 473 2846 et
504 2783 588 2858 finis,
620 2783 699 2847 ultra
727 2805 821 2866 quem
847 2784 930 2847 mala
953 2793 1061 2846 nostra
1085 2804 1148 2846 non
1172 2793 1298 2858 exeunt,

82 2911 153 2971 quae
183 2911 241 2953 nos
273 2891 303 2952 in
334 2889 416 2953 illam
448 2889 718 2972 tranquillitatem,
749 2893 779 2953 in
810 2912 872 2973 qua
902 2899 1071 2973 antequam
1101 2909 1300 2953 nasceremur

82 2997 231 3074 iacuimus,
256 2999 387 3079 reponit.
419 2999 444 3060 si
469 3007 664 3060 mortuorum
689 2997 798 3082 aliquis
822 2999 992 3073 miseretur,
1017 3006 1049 3060 et
1073 3018 1136 3059 non
1152 3007 1298 3059 natorum

84 3105 265 3168 misereatur.
313 3124 399 3166 mors
431 3125 489 3167 nec
520 3104 640 3168 bonum
673 3125 731 3167 nec
762 3105 880 3168 malum
913 3113 968 3168 est.
1016 3105 1048 3168 id
1079 3105 1161 3166 enim
1193 3112 1300 3185 potest
1315 3118 1339 3157 ’15

83 3220 130 3273 aut
159 3212 278 3274 bonum
302 3220 355 3273 aut
379 3210 495 3274 malum
520 3231 604 3288 esse,
636 3213 723 3294 quod
746 3211 861 3293 aliquid
885 3221 941 3274 est.
987 3212 1075 3294 quod
1098 3231 1174 3274 uero
1198 3212 1299 3295 ipsum

88 3440 93 3490 l
115 3441 284 3507 abluturosque
303 3437 465 3495 Pincianus:
488 3444 606 3508 tuturosq;
693 3445 709 3496 ‘2
730 3444 826 3493 illorum
845 3460 901 3493 cum
921 3448 1053 3507 conspectu
1073 3439 1180 3495 Haase:
1203 3442 1298 3493 illorum

84 3539 218 3594 conspectus
308 3547 367 3596 ergo
386 3548 449 3596 qnae
467 3529 565 3601 uulqo:
587 3549 694 3596 ergoque
785 3531 876 3584 tulos
895 3529 993 3600 uutqor
1015 3531 1083 3581 illum
1174 3531 1189 3581 1)
1209 3533 1298 3596 premi-

83 3619 153 3666 simus
233 3621 249 3670 ti
263 3620 314 3669 illut
399 3619 665 3690 iprobabiliuulyo:
687 3621 818 3685 probabile
903 3621 918 3672 11
935 3621 1057 3670 destruere
1070 3617 1166 3688 uttlpo:
1184 3621 1300 3671 distruere

172 3707 198 3758 111
218 3709 309 3758 eiurent
331 3707 478 3762 Gruterus:
500 3717 595 3758 seruent
688 3709 833 3760 rorbitatem
926 3709 953 3760 13
974 3715 1054 3772 preter
1142 3708 1170 3760 11
1192 3715 1300 3758 mouet*

84 3801 181 3844 ulnam*
288 3795 318 3848 ,16
346 3798 488 3845 moriturum
515 3795 679 3850 deteriores:
706 3798 769 3846 mori
872 3799 956 3862 cogita
982 3796 1069 3850 solum
1093 3811 1147 3849 uon
1172 3793 1301 3864 sufficere

85 3880 203 3936 uiderunt
223 3890 291 3955 post
317 3882 461 3938 Gruterum
487 3883 581 3937 Haase
598 3889 624 3937 et
646 3883 741 3951 Gertz,
768 3901 882 3954 quorum
908 3884 953 3938 ute
978 3892 1001 3934 at
1028 3887 1125 3950 cogita,
1150 3883 1193 3938 lu'n
1218 3886 1301 3950 cogita

86 3975 161 4020 tamen
179 3974 366 4038 coniecerunt,
392 3971 515 4042 eqru'dem
540 3971 631 4027 malim
655 3975 778 4039 cogitabis
803 3975 898 4038 potius,
924 3981 953 4026 ut
972 3971 1006 4026 de
1027 3975 1071 4028 ira
1090 3977 1118 4037 t,
1141 3977 1185 4034 tu,
1210 3978 1217 4024 1
1241 3974 1301 4022 illud

87 4096 162 4156 potius
179 4099 302 4162 cogitabis
392 4097 418 4149 17
440 4081 524 4162 adficit
604 4099 766 4149 relaturam
789 4096 957 4151 Grouout'ue:
979 4075 1075 4148 fabuliss
1148 4099 1299 4147 immineres

88 4197 181 4268 mortui⁵
268 4221 298 4274 19
319 4222 476 4272 Obliuionem
498 4219 627 4291 Madut'q:
649 4222 774 4272 obliuione
856 4228 878 4272 et
898 4238 951 4271 reos
970 4227 993 4270 et
1013 4222 1036 4270 in
1057 4220 1098 4269 illa
1117 4237 1171 4271 reos
1190 4222 1302 4282 libertate

903 4322 912 4348 ἢ

88 4357 155 4426 eod,
173 4359 284 4416 alterum
303 4381 357 4414 reos
378 4360 428 4417 rtet.
447 4361 553 4432 Lepst'us
637 4363 671 4416 20
690 4366 798 4413 tirannos
883 4339 974 4415 luerunt
995 4363 1017 4430 (s
1036 4379 1068 4414 m.
1081 4377 1124 4432 pr.
1139 4369 1168 4414 ut
1181 4361 1300 4430 elidetur)

514 4455 533 4480 nl

173 4503 203 4555 tn
221 4522 265 4570 que
284 4523 328 4556 nos
420 4489 557 4580 nasceretur
