3234 5336
258 379 288 419 VI
627 377 799 419 PRAEFATIO
814 377 963 419 IOHANNIS
979 377 1120 418 VAHLENl.

257 537 354 586 certas
376 529 478 586 mattis
501 537 554 586 aut
578 545 607 604 p.
626 526 676 596 bb,
694 526 734 587 28
760 523 900 585 deletum
923 535 1042 585 renatas
1064 543 1189 584 nomen.
1237 521 1329 604 Quae
1344 543 1406 603 ego
1422 544 1487 585 non

258 661 296 700 ea
327 652 434 701 mente
465 641 552 712 dica,
584 641 672 720 quasi
700 641 829 700 omnino
855 639 937 701 hanc
959 639 1208 719 recognitionem
1232 637 1484 720 reprehendam:

256 756 358 817 immo
390 755 485 816 laudo
517 774 555 816 ac
585 755 696 816 lubens
719 753 887 834 profiteor,
919 755 1011 827 mihi,
1042 753 1067 814 si
1091 755 1165 834 quid
1189 755 1324 815 iudicare
1346 746 1487 834 possum,

259 872 316 932 etsi
349 890 408 932 nec
438 869 620 931 Fickertum
652 889 711 930 nec
734 869 887 930 Haasium
919 888 975 930 sua
1006 869 1100 930 laude
1131 867 1352 930 defraudatum
1383 868 1486 942 velim,

258 985 339 1047 hanc
363 994 470 1047 textus
494 985 779 1047 conformationem
803 984 899 1063 longe
923 985 1083 1064 utriusque
1106 982 1261 1064 exemplis
1284 983 1383 1044 videri
1398 1002 1486 1063 prae·

259 1100 461 1176 stabiliorem,
485 1100 646 1180 verbaque
662 1095 803 1162 Senecae
826 1101 939 1181 partim
962 1099 1079 1161 codicis
1094 1099 1280 1160 testimoniis
1295 1097 1487 1182 postliminio

258 1215 406 1277 restitutis
429 1216 544 1297 partim
568 1216 752 1276 coniecturis
776 1215 894 1289 ascitis,
918 1222 972 1282 aut
995 1216 1192 1295 superiorum
1216 1215 1411 1288 criticorum,
1435 1222 1488 1275 aut

258 1351 358 1411 nuper
379 1332 521 1404 inventis
545 1329 697 1410 Madvigii
719 1330 858 1411 plurimis
883 1338 914 1391 et
931 1329 1055 1403 Gertzii,
1075 1330 1360 1411 'Hauptiiquoque
1383 1329 1488 1390 multis

259 1448 354 1508 etiam
384 1446 552 1508 aKochio
584 1447 653 1528 ipso
685 1446 890 1526 excogitatis,
923 1444 1028 1506 multis
1058 1445 1200 1526 partibus
1230 1445 1333 1526 probe
1364 1465 1434 1506 esse
1457 1453 1488 1506 et

259 1563 388 1642 egregie
411 1562 636 1623 administrata.
682 1559 748 1622 Sed
772 1562 802 1621 in
825 1580 942 1641 genere
965 1561 1072 1621 critico
1096 1569 1130 1621 ut
1153 1560 1242 1621 multi
1265 1560 1360 1622 hodie
1389 1563 1487 1622 maxi·

260 1683 383 1757 meque'
398 1677 552 1756 ingeniosi
575 1675 719 1736 homines
743 1675 962 1738 admirabilem
987 1676 1147 1755 quandam
1171 1677 1201 1737 in
1226 1696 1259 1736 re
1275 1662 1394 1737 lubrica
1409 1675 1485 1737 fidu-

260 1795 340 1853 ciam
371 1793 438 1853 veri
467 1812 544 1872 prae
574 1811 610 1852 se
640 1789 757 1865 ierunt,
789 1792 833 1852 ita
860 1791 1002 1852 Kochius
1034 1811 1162 1872 quoque
1192 1790 1317 1852 fervore
1347 1793 1487 1871 quodam

260 1907 354 1968 animi
385 1907 535 1988 abreptus
566 1926 631 1968 non
659 1927 730 1968 eam
754 1925 880 1987 semper
904 1925 985 1986 quae
1009 1905 1144 1967 decebat
1168 1906 1357 1967 modestiam
1382 1926 1486 1968 emen-

260 2022 356 2084 dandi
388 2023 524 2083 servavit
556 2033 588 2082 et
611 2025 642 2083 in
665 2021 869 2083 aestimandis
893 2009 1079 2082 coniecturis
1103 2021 1165 2081 suis
1188 2031 1242 2082 aut
1265 2021 1371 2082 alienis
1394 2041 1488 2102 saepe

260 2138 413 2199 maiorem
438 2137 664 2200 confidentiam
688 2141 783 2219 quam
807 2137 986 2198 cautionem
1010 2135 1165 2216 probavit.

346 2249 415 2314 'Sed
439 2254 588 2333 quoniam
612 2255 643 2314 in
659 2254 727 2335 ipso
744 2272 841 2334 opere
858 2271 964 2312 meum
981 2250 1097 2331 ubique
1112 2251 1259 2312 iudicium
1276 2250 1488 2312 cohibendum

259 2377 345 2429 ratus
369 2388 453 2441 sum,
484 2388 567 2428 nunc
590 2367 756 2441 nonnulla,
788 2366 966 2447 dequibus
989 2365 1083 2447 paulo
1108 2367 1221 2427 certius
1244 2367 1371 2428 iudicari
1394 2386 1489 2448 posse

260 2492 393 2544 autnon
409 2482 555 2563 inutiliter
570 2482 735 2543 admoneri
751 2481 930 2554 videbatur,
941 2499 981 2539 ne
996 2479 1089 2560 plane
1105 2473 1302 2558 ἀσύμβολος
1318 2480 1490 2554 discedam,

260 2595 445 2678 disceptabo
469 2596 606 2658 breviter
628 2603 754 2657 servato
779 2594 977 2674 dialogorum
1002 2593 1120 2654 ordine.
1159 2589 1170 2597 ”

349 2711 400 2772 De
423 2712 477 2772 ira'
493 2715 519 2784 1,
546 2714 562 2771 7
589 2731 617 2791 ρ.
644 2711 694 2786 42,
724 2715 759 2770 17
786 2722 928 2772 commota
952 2713 1026 2772 enim
1050 2717 1188 2773 ramelei
1211 2730 1337 2772 excussa
1361 2730 1441 2772 mats
1457 2730 1490 2772 ea

254 2833 372 2907 perpil,
404 2847 460 2905 qaia
484 2832 637 2905 inpellitur.
685 2826 733 2887 lta
755 2825 914 2908 Kochius,
944 2827 1002 2888 sed
1026 2826 1131 2887 codex
1153 2845 1233 2887 meas
1257 2831 1385 2900 eiserall,
1409 2835 1443 2886 ut
1466 2830 1491 2886 is

260 2947 290 3005 in
314 2942 407 3004 litura
429 2943 477 3003 sit.
523 2942 602 3003 Inde
625 2940 699 3002 nihil
723 2940 921 3002 efficiendum
939 2951 1014 3014 erat,
1038 2943 1234 3003 verissimum
1253 2943 1336 3002 enim
1353 2946 1490 3014 eiserml,

260 3059 318 3119 sed
342 3079 361 3119 a
385 3057 569 3118 addendum
600 3058 641 3118 ad
673 3077 745 3134 qao,
774 3057 862 3136 quod
887 3055 1028 3117 Muretus
1060 3066 1221 3118 suaserat:
1252 3061 1383 3117 mansei
1405 3062 1492 3118 serait

262 3193 281 3234 a
312 3193 369 3250 qao
400 3177 563 3249 impellitur.
587 3157 774 3234 ‘Simillima
803 3173 946 3232 oratione
969 3169 1092 3232 Seneca
1122 3172 1153 3231 in
1176 3171 1290 3232 eodem
1313 3170 1393 3231 libro
1418 3173 1489 3244 3‚3

261 3310 291 3369 p.
315 3289 367 3361 87,
393 3289 430 3348 21
457 3307 562 3349 sanam
586 3287 685 3368 inquit
708 3291 786 3348 lane
811 3291 917 3363 aliquis
939 3299 1037 3359 vocat,
1065 3291 1116 3362 qui
1137 3291 1213 3348 velat
1236 3295 1405 3363 tenpestate
1426 3304 1491 3346 aar·

261 3413 361 3480 reptas
391 3422 451 3464 aaa
481 3408 503 3464 il
532 3407 587 3464 sed
617 3407 717 3480 apitar
748 3412 775 3463 et
802 3405 916 3477 furenti
945 3407 1023 3461 mala
1054 3405 1149 3461 setall.
1209 3399 1299 3462 Conf.
1330 3401 1371 3480 de
1401 3400 1491 3462 clem.

265 3525 292 3592 1,
321 3522 368 3592 10,
393 3519 420 3578 2.

232 3677 240 3710 ,
351 3633 402 3694 De
425 3635 470 3694 ira
495 3637 523 3708 ’2,
542 3633 560 3694 8
584 3653 614 3714 p.
633 3635 683 3705 61,
704 3636 742 3693 lb
764 3636 902 3707 ferarum
928 3639 980 3692 iste
1003 3645 1163 3693 conventas
1187 3644 1236 3703 est,
1259 3636 1316 3692 az'rl
1332 3637 1412 3708 qaod
1426 3636 1494 3692 illae

268 3759 335 3810 nter
358 3768 390 3809 re
410 3753 553 3825 placidae
575 3722 812 3824 sentinari-aque
828 3752 959 3808 similium
977 3750 1127 3820 abstineat,
1152 3751 1294 3807 trimatae
1312 3751 1494 3808 laceratione

262 3870 418 3926 satiantur.
450 3868 506 3924 liae
521 3883 578 3924 aaa
597 3865 635 3924 ab
658 3865 834 3924 aniiaalibas
852 3862 1100 3938 matls'dlfferant,
1126 3867 1207 3939 quad
1222 3867 1274 3923 illa
1289 3840 1495 3923 mansuescant

263 3983 415 4062 alentibus,
438 3983 541 4040 loram
564 3981 664 4040 rabies
679 3961 757 4055 ipses
774 3997 793 4040 a
810 3981 913 4056 quibas
928 3989 971 4038 est
985 3981 1096 4039 nutrita
1113 3981 1290 4054 depascitur.
1337 3977 1495 4056 Vulgatur
1530 3979 1531 3982 ’

263 4099 318 4156 liae
340 4114 414 4168 aaa,
437 4095 526 4173 quod
549 4092 692 4155 Kochius
715 4095 821 4166 tenuit,
845 4113 909 4154 non
933 4094 999 4154 sine
1022 4092 1226 4154 dubitationis
1249 4091 1491 4174 significatione3

262 4229 322 4270 nec
345 4210 468 4270 videtur
491 4209 617 4270 defendi
640 4229 751 4289 posse;
783 4229 884 4290 neque
907 4227 984 4269 vero
1007 4207 1169 4270 aGertzio
1194 4207 1286 4269 nobis
1314 4209 1495 4288 persuaderi

264 4317 437 4405 patiemur,
469 4323 549 4385 hanc
580 4323 802 4404 interpolatam
832 4343 901 4385 esse
925 4325 1130 4402 sententiam,
1159 4343 1255 4403 quae,
1287 4309 1387 4384 modo
1410 4332 1497 4385 recte

264 4439 475 4520 superioribus
507 4441 709 4514 adnectatur,
733 4439 814 4500 nihil
845 4439 943 4500 habet
973 4440 1176 4501 incommodi.
1223 4439 1333 4519 ltaque
1364 4459 1436 4515 cum
1464 4440 1495 4499 in
