3212 5326
299 311 343 368 {nr
680 306 760 346 but.
775 307 802 346 δ’.
831 307 872 346 DE
886 307 937 346 uu
951 303 1008 346 ΗΒ.
1025 304 1064 344 llL
1092 308 1114 344 ὅ.
1128 307 1149 344 6.

297 459 407 529 potest
435 463 608 531 expectare
638 451 807 513 fortunam
852 471 969 514 uooere
998 453 1027 512 ei
1063 468 1159 530 quem
1194 449 1281 520 odit,
1318 469 1381 509 non
1421 449 1514 508 noceri

297 554 373 616 uult.
418 556 491 616 nihil
521 569 571 618 est
600 557 808 618 simultatibus
831 559 976 638 grattius:
1010 556 1070 618 has
1099 557 1145 616 ira
1173 553 1329 616 conciliat.
1373 552 1447 614 nihil
1474 561 1541 614 estss

296 662 384 722 bello
406 661 574 724 funestius:
608 665 640 724 in
671 663 734 724 boc
764 665 944 744 potentium
967 665 1013 724 ira
1034 664 1220 744 prorumpit.
1264 671 1406 724 ceterum
1430 661 1514 721 etiam

297 768 349 828 illa
363 769 488 848 plebeia
510 769 556 830 ira
577 779 611 830 et
627 772 749 850 priuata
762 773 891 832 inerme
912 781 947 832 et
967 772 1035 832 sine
1057 769 1174 830 uinbus
1196 767 1314 830 bellum
1337 777 1395 828 est.
1434 787 1513 848 prae-

271 900 283 931 ε.
297 885 386 935 terea
407 875 461 948 ira,
482 885 517 936 ut
535 895 738 956 seponamus,
760 897 843 958 quae
866 897 946 938 mox
969 887 1115 938 semtura
1136 885 1218 948 sumt,
1240 875 1367 948 damna,
1390 874 1515 946 insidias,

296 994 483 1061 pepenum
505 1001 549 1042 ex
571 983 795 1044 certaminibus
818 984 935 1044 mutuis
949 983 1200 1054 sollicitudinem,
1223 982 1281 1042 dat
1302 1000 1425 1061 pooras
1447 982 1514 1040 dum

296 1087 416 1166 exigit:
449 1097 595 1150 naturam
624 1089 762 1150 hominis
791 1091 900 1152 eiurat.
944 1089 997 1150 illa
1022 1091 1053 1149 in
1083 1107 1228 1150 amorem
1256 1086 1417 1159 hortatur,
1446 1085 1515 1148 haec

296 1195 326 1252 in
349 1195 468 1254 odium
510 1193 562 1254 illa
583 1197 738 1276 prodesse
760 1197 855 1268 iubet,
878 1195 959 1257 haec
980 1215 1105 1257 nocere
1150 1196 1241 1256 adice
1261 1195 1359 1274 quod,
1381 1214 1455 1254 cum
1476 1194 1541 1258 int

296 1301 439 1379 dignatio
468 1303 535 1362 eius
564 1322 585 1362 a
613 1303 711 1363 nimio
743 1304 790 1364 sui
819 1315 968 1384 suspectu
998 1311 1104 1364 uernat
1135 1315 1169 1362 et
1199 1302 1342 1362 animosa
1371 1301 1514 1368 uideatur,

258 1429 282 1464 n
296 1405 406 1484 pusilla
427 1417 477 1468 ert
498 1417 532 1468 et
554 1421 697 1487 angusta
727 1429 824 1470 nemo
847 1411 932 1470 enim
955 1429 1019 1470 non
1043 1429 1093 1480 eo,
1115 1429 1135 1469 a
1157 1429 1222 1488 quo
1244 1428 1280 1468 se
1301 1416 1514 1486 contemptum

295 1513 421 1586 iudimt,
444 1515 548 1576 minor
570 1525 638 1576 ert:
671 1527 705 1576 at
735 1515 786 1577 ille
815 1517 928 1596 ingens
949 1517 1072 1576 animus
1101 1524 1134 1575 et
1156 1535 1248 1576 uerus
1270 1515 1455 1576 aestimator
1475 1514 1515 1573 sui

296 1639 361 1680 non
391 1621 529 1682 uindicat
557 1621 714 1695 iniuriam,
745 1623 819 1702 quia
847 1643 912 1684 non
935 1623 1039 1683 sentit
1092 1631 1127 1682 ut
1149 1621 1214 1682 tela
1240 1642 1260 1682 a
1282 1622 1363 1682 duro
1386 1618 1542 1682 resiliunt&

296 1735 329 1785 et
351 1745 424 1786 cum
448 1726 561 1788 dolore
583 1730 744 1790 caedentis
766 1728 870 1790 solida
892 1727 1058 1801 feriuntur,
1089 1729 1132 1789 ita
1162 1727 1245 1788 nulla
1275 1747 1427 1807 magnum
1458 1726 1513 1786 ani-

296 1852 385 1892 mum
408 1833 516 1894 iniuria
537 1833 579 1894 ad
593 1855 722 1896 sensum
744 1836 791 1896 sui
806 1837 944 1908 adducit,
967 1833 1105 1914 fragilior
1127 1855 1168 1895 eo
1183 1835 1272 1914 quod
1286 1833 1375 1914 petit.
1403 1843 1514 1914 quanto

257 1957 281 1996 rs
295 1937 452 2016 pulchrius
475 1939 561 2000 uelut
583 1939 658 2002 nulli
681 1941 910 2022 penetrabilem
933 1941 999 2002 telo
1022 1943 1125 2002 omnis
1156 1942 1278 2002 iniurias
1301 1940 1512 2000 contumelias

294 2063 357 2124 que
379 2051 545 2126 respuere!
571 2047 649 2108 ultio
673 2047 791 2109 doloris
807 2047 964 2109 consessio
987 2057 1054 2108 est:
1081 2068 1145 2108 non
1169 2055 1217 2108 est
1234 2066 1369 2126 magnus
1391 2047 1513 2117 animus

293 2171 389 2230 quem
412 2153 553 2214 incuruat
575 2155 691 2216 iniuria
736 2165 791 2216 aut
821 2139 983 2235 potentior
1012 2165 1045 2216 te
1075 2163 1130 2214 aut
1160 2153 1332 2214 inbecillior
1354 2152 1462 2214 laesit:
1492 2153 1514 2213 si

293 2257 474 2332 inbecillior,
496 2281 591 2340 parce
615 2260 664 2333 illi,
687 2262 713 2322 si
736 2262 908 2340 potentior,
931 2261 997 2322 tibi.

382 2363 438 2425 Vl.
473 2365 602 2426 Nullum
626 2377 675 2427 est
697 2377 921 2446 argumentum
945 2368 1169 2447 magnitudinis
1192 2367 1306 2427 certius
1328 2385 1422 2447 quam
1446 2364 1541 2426 nihill

253 2496 279 2534 το
293 2489 389 2549 posse
419 2493 484 2552 quo
514 2475 668 2553 instigeris
698 2477 849 2536 accidere.
895 2495 969 2555 pars
997 2475 1139 2554 superior
1161 2474 1271 2534 mundi
1293 2482 1327 2534 et
1349 2473 1514 2534 ordinatior

294 2595 332 2636 ac
354 2579 530 2660 propinqua
552 2580 705 2642 sideribus
728 2583 840 2643 necin
863 2582 982 2642 nubem
1013 2584 1218 2660 cogiturnec
1240 2581 1271 2640 in
1294 2587 1512 2660 tempestatem

293 2683 449 2762 inpellitur
471 2706 529 2746 nec
553 2699 694 2749 uersatur
716 2691 746 2749 in
770 2689 937 2749 turbinem.
972 2688 1059 2748 omni
1082 2686 1218 2748 tumultu
1241 2695 1335 2748 caret
1377 2684 1512 2746 inferiora

292 2788 515 2854 fulminantur.1
544 2796 661 2856 eodem
684 2796 786 2856 modo
808 2793 949 2854 sublimis
971 2795 1109 2866 animus,
1139 2781 1263 2873 quietus
1285 2812 1411 2873 semper
1433 2792 1513 2852 etin

292 2900 429 2960 statione
451 2900 617 2982 tranquilla
639 2901 836 2974 conlocatus,
867 2903 974 2962 omnia
997 2903 1078 2960 intra
1099 2919 1134 2959 se
1156 2919 1317 2979 premenS,
1340 2899 1451 2980 quibus
1473 2900 1513 2960 ira

252 2997 502 3079 &contrahitun
532 3008 698 3068 modestus
729 3018 762 3069 et
791 3006 977 3068 uenerabilis
1012 3017 1060 3068 est
1090 3014 1124 3066 et
1154 3007 1342 3086 dispositus;
1384 3023 1511 3085 quorum

292 3109 365 3172 nihil
396 3112 533 3174 inuenies
563 3116 594 3174 in
624 3116 713 3175 irato,
758 3116 827 3194 quis
857 3116 940 3174 enim
971 3113 1104 3174 traditus
1136 3111 1238 3172 dolori
1267 3123 1300 3174 et
1328 3111 1429 3172 furens
1451 3117 1539 3169 non?

291 3219 424 3297 primam
450 3222 556 3280 reiecit
578 3221 821 3281 uerecundiam?
857 3221 929 3301 ¹quis
959 3220 1066 3300 inpetu
1098 3218 1242 3280 turbidus
1268 3227 1302 3279 et
1329 3219 1361 3278 in
1383 3217 1510 3298 aliquem

292 3343 385 3384 ruens
408 3345 473 3384 non
495 3327 648 3407 quidquid
670 3329 700 3387 in
724 3347 759 3387 se
783 3327 951 3388 uerecundi
974 3324 1085 3387 habuit
1115 3325 1248 3386 abiecit?
1272 3327 1321 3386 cui
1344 3323 1510 3386 officiorum

292 3449 440 3492 numerus
463 3440 517 3492 aut
541 3434 623 3494 ordo
646 3434 785 3493 constitit
808 3434 953 3494 incitato?
981 3434 1050 3512 quis
1072 3431 1196 3512 linguae
1219 3433 1425 3510 temperauit?
1447 3431 1510 3510 quis

251 3545 278 3586 ³⁰
292 3535 387 3604 ullam
417 3547 540 3617 partem
572 3541 713 3618 corporis
742 3541 862 3600 tenuit?
900 3540 969 3619 quis
999 3559 1034 3598 se
1065 3557 1175 3617 regere
1206 3540 1308 3617 potuit
1336 3537 1508 3598 inmissum?

291 3644 432 3722 proderit
455 3643 547 3705 nobis
570 3645 645 3706 illud
661 3645 838 3706 Democriti
852 3645 987 3706 salutare
1008 3655 1221 3724 praeceptum,
1244 3663 1308 3724 quo
1325 3650 1510 3704 monstratur
1525 3648 1543 3722 ἐξ

294 3943 303 3993 1
328 3944 435 3992 noceri*
460 3945 508 4007 uiilt
599 3943 614 3994 4
634 3945 732 4008 plebeia
752 3945 787 4009 (ia
807 3945 891 4008 corr.)
983 3943 999 3996 6
1019 3961 1095 4008 penas
1186 3943 1201 3995 9
1221 3961 1236 3991 a
1254 3944 1332 3993 nimio
1351 3945 1386 3992 sui
1405 3951 1508 4007 suspectu

291 4032 372 4080 ueniat
392 4029 446 4083 Εἰ
468 4034 509 4082 ani
528 4033 675 4096 misuspectu
701 4035 796 4081 eueniat
820 4031 880 4084 cod.
899 4030 950 4083 sed
967 4034 1049 4081 ueniat
1067 4029 1234 4084 consuetudo
1258 4029 1381 4084 Senecae
1396 4027 1508 4098 postulat

398 4119 433 4171 ‘20
452 4136 563 4184 possen
583 4120 651 4186 (rar.
671 4121 781 4172 circiter
799 4121 880 4172 trium
900 4119 1060 4180 litterarum,
1085 4135 1124 4173 etc
1142 4119 1239 4188 quibus
1257 4137 1272 4168 a
1290 4121 1318 4171 in
1336 4121 1390 4176 tine
1407 4117 1507 4172 uidetur

290 4209 444 4276 superesse)
463 4225 513 4272 quo
592 4211 705 4272 accipere
724 4209 752 4274 (p
770 4209 796 4260 in
817 4211 834 4258 d
852 4209 936 4274 corr.)
1016 4209 1049 4261 23
1069 4210 1209 4260 fulminatur
1228 4210 1311 4275 (nt'ttur
1329 4209 1356 4260 itt
1375 4210 1441 4274 ras.)

291 4296 326 4348 24
345 4297 480 4346 collocatus
499 4297 550 4360 (col
569 4297 596 4348 in
616 4298 684 4362 ras.)
776 4299 839 4346 intra
859 4296 1007 4359 Gruterus,
1031 4297 1107 4366 quod
1124 4296 1163 4350 ad
1179 4314 1292 4362 premens
1311 4294 1505 4350 accommodare

291 4384 345 4436 orte
363 4383 432 4450 licet,
453 4383 562 4438 deteret
581 4401 640 4438 esse
659 4387 721 4435 intra
739 4403 765 4436 se
783 4388 868 4436 uidens
941 4386 974 4438 31
995 4387 1046 4436 illut
1066 4387 1086 4451 (t
1104 4386 1131 4437 r'n
1152 4387 1169 4435 d
1188 4385 1271 4452 corr.)
