3212 5326
453 353 587 398 D1A1..1v.
614 353 653 395 DE
669 355 720 396 IRA
735 355 790 399 LIB.
806 356 834 399 11.
864 359 949 402 l'l-fd.
1274 365 1316 428 69

103 507 279 581 temperatus
311 501 351 562 sit
381 501 505 582 sapiens
538 509 570 564 et
601 502 642 564 ad
672 521 723 564 res
747 500 857 563 fortius
880 504 1021 582 agendas
1045 523 1110 566 non
1133 507 1225 580 iram,
1256 506 1316 568 sed

102 608 152 669 uIm
173 605 330 670 adhibeat.

78 724 86 776 t
174 712 290 774 XVIII.
323 711 484 794 Quoniam
515 733 597 795 quae
628 714 669 775 de
692 714 738 775 ira
759 723 951 795 quaeruntur
974 717 1193 793 tractauimus,
1225 737 1313 781 acce·

101 819 196 881 damus
219 819 262 881 ad
277 821 417 882 remedia
432 820 506 881 eius.
545 820 610 882 duo
626 828 742 896 autem,
767 830 801 882 ut
817 821 938 903 opinor,
961 830 1051 884 sunt:
1086 843 1126 884 ne
1141 823 1315 886 incidamus
1349 866 1352 872 -
1411 839 1414 847 ⁴

100 927 129 987 in'
147 925 222 987 lram
254 933 285 988 et
316 945 356 988 ne
390 925 421 987 in
452 926 498 987 ira
527 945 703 1008 peccemus.
751 934 785 988 ut
815 927 846 988 in
878 944 1047 1008 corporum
1082 949 1155 990 cura
1185 928 1245 992 alia
1273 931 1314 992 de
1341 953 1354 992 s

100 1033 203 1094 tuenda
232 1031 424 1108 ualetudine,
455 1031 514 1095 alia
546 1033 586 1096 de
617 1033 811 1095 restituenda
842 1042 1017 1117 praecepta⁴
1040 1044 1129 1110 sunt,
1160 1035 1203 1097 ita
1226 1035 1315 1097 aliter

99 1140 162 1200 iram
186 1137 342 1201 debemus
365 1137 528 1220 repellere,
559 1139 648 1201 aliter
671 1159 869 1220 conpescere.
916 1147 950 1202 ut
974 1141 1124 1216 uitemuS,
1156 1142 1314 1224 quaedam

99 1246 132 1306 ad
155 1247 332 1308 uniuersam
363 1247 461 1307 uitam
485 1245 673 1328 pertinentia
695 1245 932 1326 praecipientur.
979 1267 1016 1308 ea
1039 1247 1069 1308 in
1093 1247 1313 1310 educationem

99 1352 170 1414 etin
193 1352 356 1432 sequentia
378 1359 526 1434 tempora
549 1352 735 1416 diuidentur.

72 1467 84 1519 9
172 1457 330 1521 Educatio
361 1459 536 1520 maximam
566 1457 759 1538 diligentiam
782 1456 1013 1540 plurimumque
1036 1458 1233 1540 profuturam
1258 1460 1312 1522 de·
1331 1479 1354 1521 ro

98 1564 209 1628 siderat.
246 1563 337 1628 facile
360 1573 408 1627 est
424 1565 652 1627 enim-teneros
667 1564 772 1626 adhuc
792 1565 914 1626 animos
936 1584 1125 1648 conponere,
1149 1563 1315 1628 difficulter

97 1671 263 1734 reciduntur
285 1671 368 1746 uitia,
392 1691 472 1752 quae
495 1670 660 1733 nobiscum
685 1679 858 1733 creuerunt.

74 1787 82 1837 l
173 1777 259 1842 XIX.
310 1776 565 1860 Oportunissima
588 1777 631 1840 ad
653 1777 846 1840 iracundiam
871 1776 980 1840 feruidi
1003 1779 1099 1842 animi
1123 1787 1235 1841 natura
1258 1786 1307 1840 est

97 1905 158 1946 nam
189 1904 260 1947 cum
293 1883 450 1946 elementa
480 1885 542 1946 sint
560 1892 737 1966 quattuor,
775 1884 872 1963 ignis,
913 1905 1030 1966 aquae,
1068 1885 1164 1962 a'criS,
1203 1893 1314 1960 terrae,

97 1999 259 2070 potestates
282 2012 374 2074 pares
397 1989 444 2052 his
467 1973 555 2067 surit,
586 1990 722 2066 feruida,
745 1988 867 2071 frigida,
883 1991 978 2068 ,arida
1001 2000 1096 2072 atque
1119 1991 1234 2054 umida.
1281 2001 1313 2053 et
1331 2009 1353 2052 u

97 2095 227 2159 locorum
259 2097 366 2180 itaque
396 2104 429 2158 et
460 2095 640 2160 anImalium
673 2105 705 2160 et
738 2117 907 2178 corporum
940 2105 972 2159 et
1001 2117 1125 2159 morum
1149 2098 1317 2160 uarietates

98 2204 222 2267 mixtura
262 2203 492 2266 elementorum
531 2202 605 2266 facit
636 2211 668 2265 et
698 2203 831 2285 proinde
863 2203 967 2284 aliquo
1001 2204 1102 2284 magis
1132 2199 1317 2265 incumbunt

97 2310 215 2391 ingenia,
237 2316 334 2392 prout
357 2307 483 2372 alicuius
508 2308 655 2372 elementi
672 2310 772 2371 maior
788 2310 833 2372 uis
850 2308 1030 2372 abundauit.
1069 2311 1142 2371 inde
1158 2309 1314 2391 quasdam

20 2495 21 2498 Ἴ
97 2417 207 2478 umidas
230 2437 384 2480 uocamus
407 2419 571 2500 aridasque
594 2419 740 2498 regiones
763 2425 795 2480 et
821 2416 938 2480 calidas
962 2426 994 2480 et
1016 2417 1152 2499 frigidas.
1200 2418 1314 2480 eadem

71 2521 265 2590 aanimalium
296 2521 525 2605 hominumque
557 2523 736 2588 discrimina
759 2533 849 2587 sunt:
892 2523 986 2586 refert
1009 2533 1161 2606 quantum
1185 2525 1316 2606 quisque
1330 2538 1355 2579 u

98 2630 183 2692 umidi
204 2632 235 2692 in
258 2650 294 2693 se
317 2628 471 2712 calidique
494 2631 662 2696 contineat.
694 2630 779 2692 cuius
803 2629 834 2691 in
856 2627 909 2693 illo
927 2629 1074 2692 elementi
1096 2630 1202 2712 portio
1225 2649 1315 2710 prae-

99 2735 217 2812 ualebit,
241 2737 316 2799 inde
341 2756 446 2798 mores
470 2745 569 2800 erunt.
615 2737 783 2799 iracundos
806 2735 925 2799 feruida
949 2737 1043 2799 animi
1067 2745 1179 2799 natura
1200 2735 1312 2798 faciet:

98 2851 139 2903 est
159 2843 238 2904 enim
264 2851 414 2905 actuosus
437 2851 468 2904 et
492 2844 638 2925 pertinax
661 2844 749 2924 ignis.
795 2841 897 2924 frigidi
921 2843 1059 2904 mixtura
1078 2843 1207 2904 timidos
1223 2840 1312 2904 facit:

71 2948 210 3028 tpigrum
239 2958 287 3011 est
316 2950 400 3010 enim
425 2956 685 3030 contractumque
709 2948 813 3028 frigus.
859 2947 970 3011 uolunt
992 2950 1097 3030 itaque
1120 2949 1248 3030 quidam
1274 2968 1315 3011 ex

98 3055 199 3118 nostris
229 3056 308 3117 iram
340 3055 370 3116 in
401 3063 534 3136 pectore
564 3055 684 3118 moueri
716 3055 941 3118 efferuescente
973 3056 1054 3117 circa
1078 3074 1132 3116 cor
1155 3055 1314 3135 sanguine.
1329 3078 1355 3120 aa

99 3178 179 3224 causa
202 3183 256 3224 cur
270 3159 330 3240 ,hic
353 3161 552 3243 potissimum
576 3162 759 3242 adsignetur
782 3163 845 3223 irae
865 3160 953 3224 locus
977 3181 1042 3224 non
1062 3161 1194 3238 aliaest,
1218 3181 1315 3243 quarn

70 3269 174 3347 lquod
196 3269 225 3330 in
249 3275 320 3330 toto
345 3287 480 3349 corpore
503 3266 726 3331 calidissimum
749 3282 860 3350 pectus
884 3276 963 3330 est·
987 3267 1099 3350 quibus
1124 3268 1222 3331 umidi
1245 3266 1316 3350 plus

99 3370 182 3449 inest,
212 3393 323 3454 eorum
346 3371 497 3455 paulatim
523 3375 709 3450 crescit'ira,
734 3375 807 3456 quia
828 3394 893 3436 non
917 3383 966 3436 est
988 3381 1116 3456 paratus
1140 3372 1197 3436 illis
1221 3373 1314 3451 calor,

99 3479 147 3541 sed
175 3489 264 3543 motu
296 3481 476 3562 adquiritur.
521 3481 627 3562 itaque
659 3501 830 3563 puerorum
861 3479 1111 3563 feminarumque
1142 3481 1205 3543 irae
1228 3500 1315 3544 acres

101 3791 149 3844 lid'
169 3798 254 3846 tuenda
274 3792 308 3864 (d’
329 3796 356 3848 iu
376 3796 443 3862 raa.)
553 3796 569 3848 7
593 3813 749 3862 conpescere.
775 3803 799 3846 ut
819 3798 935 3859 ultemus,
955 3797 1078 3863 quaedam
1097 3794 1213 3868 Maduiq
1233 3796 1315 3852 fitter-

97 3883 289 3955 punxil,uulqo
304 3902 460 3950 conpescere,
480 3892 505 3934 ut
518 3886 628 3937 ultemus.
654 3886 789 3952 quaedam?
851 3885 882 3938 13
903 3885 1119 3967 Opportunlssima
1193 3885 1225 3938 15
1245 3893 1315 3952 potes

102 3993 163 4038 states
181 3987 268 4060 (prior
285 4009 305 4055 s,
325 4005 396 4060 quae
414 3997 454 4044 est
472 3993 499 4044 r'n
516 3991 572 4058 fine
590 4005 694 4057 uersus,
714 3989 813 4057 deleta)
888 3972 988 4042 humida
1074 3973 1107 4044 17
1126 3993 1229 4042 mlxtura
1249 3991 1315 4057 (ras.

99 4099 156 4160 post
170 4096 216 4149 iia
225 4097 280 4166 fine
291 4098 399 4165 uersus)
474 4099 555 4164 aliquo
574 4094 706 4167 Madm'q:
727 4098 848 4163 inaIIquos
929 4097 961 4151 19
982 4078 1094 4147 humidas
1166 4097 1199 4152 21
1220 4077 1316 4148 humidi

196 4187 297 4252 calidiq;
329 4185 393 4256 (fuit
417 4188 476 4254 call)
591 4187 624 4239 23
649 4187 708 4235 facit
733 4200 793 4238 cum
819 4183 928 4240 Gertzr'o
953 4183 1063 4239 uidetur
1088 4201 1146 4241 esse
1171 4183 1316 4239 deterritam

180 4273 210 4326 25
234 4277 455 4341 pectoreemoueri
552 4277 724 4326 efferuescente
744 4273 909 4329 deteriores:
936 4276 1101 4326 efferuescenti
1197 4275 1315 4339 sanguine

105 4357 151 4422 (san
167 4361 191 4413 in
208 4365 273 4427 raa.)
365 4363 399 4416 27
418 4364 513 4412 humidi
532 4362 597 4430 (suit
615 4361 703 4429 umidi)
795 4362 830 4416 29
850 4365 981 4429 acquiritur
1001 4363 1026 4430 (c
1045 4377 1084 4417 ecc
1102 4363 1119 4412 d
1137 4361 1222 4429 corr.)

103 4444 134 4495 ire
150 4448 172 4514 (e
189 4451 268 4518 corr.)
