3212 5326
274 313 314 372 70
638 303 717 354 DJAL.
733 304 771 347 IV.
800 304 840 344 DE
855 304 906 344 IRA
923 303 976 348 LIB.
991 302 1020 346 Π.
1053 305 1083 346 19.
1099 305 1131 344 20.

274 451 376 531 magis
399 434 495 530 quam
519 467 633 528 graues
649 458 721 511 sunt
736 448 932 530 leuioresque
949 449 1025 510 dum
1044 447 1201 529 incipiunt.
1242 447 1330 508 siccis
1347 444 1499 506 aetatibus

274 556 447 618 uehemens
478 555 670 636 robustaque
700 555 746 617 ira
776 564 837 630 est,
871 555 928 617 sed
952 557 1017 616 sine
1041 555 1250 628 incremento,
1281 572 1345 613 non
1370 548 1499 612 multum

275 662 334 724 sibi
358 663 504 736 adiciens
529 661 601 742 quia
624 660 805 724 inclinatum
828 665 966 722 calorem
988 659 1084 741 frigus
1100 661 1279 741 insequitur.
1317 677 1410 719 senes
1427 655 1499 718 diffi-

223 761 224 764 '
275 767 348 830 ciles
380 777 412 829 et
444 766 563 849 queruli
594 776 687 842 sunt‚=
710 775 745 828 ut
775 765 872 846 aegri
892 776 924 827 et
953 765 1208 828 conualescentes
1236 773 1269 827 et
1291 784 1429 844 quorum
1453 771 1501 823 aut

249 873 456 938 slassitudine
480 881 534 934 aut
557 873 754 935 detractione
777 872 934 952 sanguinis
956 873 1128 934 exhaustus
1145 881 1193 934 est
1209 871 1304 933 calor.
1342 871 1373 930 in
1389 869 1500 930 eadem
1517 878 1529 929 i

182 1063 185 1070 γ
278 1000 372 1042 causa
410 988 482 1040 sunt
518 980 579 1040 sitit
602 979 749 1061 fameque
779 979 878 1040 tabidi
909 988 941 1040 et
974 979 1086 1060 quibus
1103 983 1273 1058 ‘exangue
1311 995 1427 1056 corpus
1459 983 1503 1035 est
1593 1053 1594 1056 Ἴ

274 1085 475 1167 maligneque
506 1084 595 1147 alitur
627 1094 659 1147 et
690 1085 803 1147 deficit.
849 1085 956 1146 uinum
987 1084 1125 1147 incendit
1156 1086 1230 1158 iras,
1261 1083 1335 1164 quia
1366 1080 1501 1143 calorem

274 1201 377 1272 auget.
431 1210 490 1272 pro
516 1191 669 1274 ¹cuiusque
699 1176 810 1254 natura
841 1192 969 1272 quidam
1002 1191 1078 1252 ebrii
1111 1190 1335 1263 efferuescunt,
1374 1188 1501 1270 quidam

273 1299 376 1359 saucii.
414 1317 516 1378 neque
533 1297 594 1359 ulla
610 1296 670 1358 alia
685 1318 779 1359 cau-sa
795 1305 852 1372 est,
868 1318 922 1358 cur
938 1296 1163 1359 iracundissimi
1178 1295 1238 1356 sint
1254 1294 1326 1356 flaui
1341 1294 1500 1356 rubentes-

201 1445 204 1450 ·
236 1427 260 1466 ιο
274 1423 349 1485 que,
380 1404 493 1486 quibus
524 1404 594 1466 talis
624 1413 736 1466 natura
767 1403 855 1466 color
886 1413 947 1477 est,
978 1402 1077 1484 qualis
1100 1402 1166 1464 fieri
1190 1401 1300 1464 ceteris
1323 1401 1404 1462 inter
1428 1399 1501 1460 iram

273 1509 361 1572 solet.
409 1510 534 1574 mobilis
557 1511 640 1572 enim
664 1510 720 1572 illis
744 1511 943 1590 agitatusque
966 1510 1093 1590 sanguis
1117 1517 1174 1570 est.

296 1611 326 1673 ,’
364 1616 436 1676 XX.
468 1614 534 1678 Sed
565 1616 839 1696 quemadmodum
867 1625 978 1678 natura
1006 1617 1163 1697 quosdam
1192 1612 1348 1696 procliues
1371 1612 1403 1676 in
1427 1613 1529 1673 iramt

273 1721 363 1796 facit,
393 1724 436 1785 ita
460 1722 579 1784 multae
601 1723 739 1784 incidunt
763 1743 891 1797 causae,
916 1742 997 1806 quae
1020 1722 1105 1783 idem
1128 1721 1250 1802 possint
1273 1719 1361 1801 quod
1384 1728 1500 1780 natura.

273 1828 351 1890 alios
374 1828 505 1890 morbus
528 1837 582 1890 aut
605 1829 712 1890 iniuria
735 1848 905 1910 corporum
929 1830 959 1890 in
983 1826 1045 1890 hoc
1067 1827 1224 1910 perduxit,
1248 1824 1325 1887 alios
1341 1824 1436 1887 labor
1452 1834 1501 1886 aut

235 1965 259 2004 15
274 1936 422 1996 continua
460 1934 623 2016 peruigilia
660 1944 833 2018 noctesque
871 1917 1035 1997 sollicitae¹
1052 1941 1085 1996 et
1113 1931 1276 1995 'desideria
1306 1952 1500 2012 amoresque.

273 2040 423 2123 quidquid
456 2040 538 2103 aliud
571 2049 625 2103 aut
648 2042 772 2124 corpori
796 2043 902 2103 nocuit
926 2051 980 2103 aut
1002 2041 1122 2115 animo,
1155 2059 1284 2119 aegram
1308 2047 1451 2100 mentem
1473 2039 1501 2098 in

272 2147 426 2228 querellas
454 2157 553 2228 parat.
601 2148 658 2209 sed
692 2149 799 2210 omnia
821 2149 881 2210 ista
903 2149 988 2209 initia
1011 2167 1185 2226 causaeque
1207 2153 1287 2207 sunt.
1308 2169 1311 2174 ·
1335 2144 1530 2227 plurimumi

273 2263 381 2335 potest
405 2255 612 2329 consuetud0‚
635 2275 717 2335 quae
740 2255 765 2316 si
787 2255 890 2335 grauis
907 2264 964 2325 est,
987 2254 1042 2315 alit
1057 2254 1176 2315 uitium.
1214 2259 1360 2314 naturam
1376 2250 1500 2332 quidem

273 2368 395 2421 mutare
428 2359 551 2422 difficile
582 2369 642 2436 est,
676 2380 736 2422 nec
765 2360 837 2423 iicet
868 2361 967 2423 semel
998 2362 1100 2422 mixta
1127 2359 1322 2420 nascentium
1346 2357 1501 2419 elementa

235 2492 261 2532 n
277 2475 469 2528 conuertere.
516 2467 573 2527 sed
596 2467 626 2526 in
649 2466 713 2528 hoc
735 2487 830 2528 nosse
853 2465 1013 2549 profuerit,
1037 2475 1072 2526 ut
1095 2464 1269 2528 calentibus
1284 2464 1415 2544 ingeniis
1429 2462 1498 2524 sub-

264 2570 380 2652 'trahas
405 2573 527 2646 uinum,
558 2573 646 2653 quod
668 2573 772 2654 pueris
796 2573 888 2635 Plato
912 2573 1094 2654 negandum
1117 2580 1208 2653 putat
1232 2579 1264 2632 et
1287 2569 1393 2650 ignem
1417 2577 1500 2630 uetat

273 2677 346 2758 igne
376 2679 503 2740 incitari.
549 2699 608 2740 nec
637 2679 714 2740 cibis
737 2679 866 2760 quidem
890 2679 1028 2760 inplendi
1053 2687 1133 2740 sunt.
1181 2675 1398 2738 distendentur
1421 2675 1499 2735 enim

274 2805 409 2865 corpora
439 2793 471 2846 et
502 2786 595 2846 animi
619 2805 691 2847 cum
715 2806 850 2867 corpore
873 2794 1059 2848 tumescent.
1113 2783 1204 2845 labor
1226 2782 1295 2844 illos
1319 2783 1395 2844 citra
1416 2780 1529 2842 lassi-3

273 2891 414 2953 tudinem
439 2903 597 2966 exerceat,
630 2901 663 2954 ut
687 2893 855 2968 minuatur,
887 2913 951 2953 non
980 2901 1014 2952 ut
1043 2898 1246 2952 consumatur
1270 2888 1356 2950 calor
1378 2887 1497 2949 nimius-

233 3021 258 3061 ns
273 3017 335 3079 que
365 2996 415 3059 ille
446 2995 550 3058 feruor
581 2998 757 3079 despumet.
796 3000 880 3060 lusus
904 3019 1031 3080 quoque
1047 2998 1230 3080 proderunt.
1270 2995 1398 3057 modica
1419 2993 1498 3056 enim

276 3332 290 3383 t
307 3325 395 3396 graues
458 3333 533 3395 etatib
541 3349 548 3389 ;
605 3334 676 3382 siccis
690 3335 809 3382 aetatibus
824 3349 918 3386 nartem
931 3347 992 3386 esse
1005 3332 1105 3401 nepteit,
1119 3330 1247 3400 qnoniam
1260 3330 1289 3382 in
1302 3325 1496 3397 insequentibus

274 3419 384 3472 siccitas
403 3435 456 3472 non
475 3419 562 3473 solnm
581 3418 621 3472 ad
638 3425 753 3473 aetatem
772 3420 892 3490 aliquam
911 3419 1051 3487 refertum
1072 3421 1164 3488 itaque
1183 3433 1243 3471 cnm
1256 3399 1293 3474 mi
1305 3421 1320 3469 3
1334 3416 1360 3468 in
1381 3415 1497 3484 marpine

274 3501 455 3573 adscripserit
480 3506 591 3567 siccitas,
623 3503 687 3557 nicie
711 3521 745 3557 ne
770 3503 912 3574 tepentium
936 3505 974 3556 sit
996 3507 1146 3555 siccitatibus
1170 3505 1254 3575 panio
1280 3504 1426 3558 audaciore
1448 3517 1496 3554 nsn

170 3615 178 3624 ·
247 3621 248 3624 “
271 3592 404 3662 pluralis,
429 3596 459 3645 iti
478 3591 554 3662 apitii
572 3590 722 3645 Minucium
741 3592 859 3646 Felicem
878 3596 921 3657 36,
942 3595 957 3644 8
983 3594 1100 3643 fortitudo
1128 3595 1193 3644 enim
1219 3597 1243 3643 in
1262 3595 1441 3643 infirmitatibus
1458 3608 1495 3639 ro·

274 3684 390 3740 boratur;
412 3679 475 3734 olt'm
494 3681 662 3750 conieceram
681 3684 741 3732 sicci
761 3684 814 3747 plus
833 3684 981 3732 habentibus
1063 3683 1079 3735 2
1098 3685 1228 3748 robustaq;
1251 3683 1289 3749 (ro
1310 3683 1393 3748 corr.)
1462 3687 1495 3728 est

274 3769 369 3836 (corr.)
454 3768 609 3835 4qu9rulii
668 3771 782 3823 titabidi
804 3768 901 3823 Gertz:
923 3772 1004 3820 rabidi
1083 3771 1191 3836 8auget
1209 3789 1255 3836 pro
1275 3772 1389 3836 cuiusque
1406 3775 1493 3818 natura.

272 3859 373 3924 quidam
392 3856 483 3928 nnlpe,
507 3859 749 3928 interpunctionem
773 3858 927 3912 emendanit
948 3858 1029 3913 Gertz
1146 3861 1177 3913 13
1197 3877 1243 3925 que
1264 3861 1288 3927 (e
1307 3858 1390 3926 corr.)

274 3947 307 4000 ’14
327 3948 400 3998 labor
419 3953 460 3997 aut
480 3947 502 4013 (r
521 3956 562 3997 aut
579 3947 607 3999 in
627 3947 694 4016 ras.)
810 3949 842 4000 16
861 3950 932 4014 qdqd
952 3949 1045 4014 (eorm,
1062 3946 1118 4016 sitii
1136 3958 1171 4014 qt.
1185 3948 1222 4015 qt)
1333 3949 1398 3997 aliud
1416 3947 1442 4012 (d
1458 3957 1493 3996 en·

273 4043 281 4086 t
295 4036 380 4103 corr.)
456 4037 488 4088 17
501 4038 611 4101 querelas
625 4037 662 4103 (as
677 4036 703 4088 in
718 4053 783 4104 ras,
793 4034 891 4110 suani
899 4035 986 4105 fallor
998 4038 1045 4103 ias)
1121 4038 1153 4090 18
1166 4040 1186 4086 si
1199 4039 1282 4103 grauis
1295 4044 1331 4088 est
1344 4036 1394 4090 nix
1407 4048 1493 4088 nerum

274 4129 321 4186 esi,
341 4124 430 4196 maqis
446 4123 555 4195 placeat
573 4127 594 4174 si
613 4127 760 4190 ingrauescit
856 4126 890 4179 20
908 4128 1026 4192 profuerit
1045 4125 1170 4196 lipsius:
1192 4127 1284 4192 profuit
1373 4124 1491 4174 subtrahas

275 4215 331 4278 (has
350 4213 376 4265 in
396 4213 464 4279 ras.)
538 4213 571 4266 21
591 4214 659 4279 plato
678 4216 796 4279 neganda
816 4213 885 4276 coci„
905 4215 967 4267 item
981 4215 1094 4284 priores
1111 4213 1253 4282 editiones,
1272 4216 1410 4280 negandum
1428 4212 1491 4260 Plato

274 4299 388 4354 Fickert
406 4306 431 4355 et
444 4299 539 4354 Haase
611 4302 644 4354 22
664 4304 723 4367 igne
744 4303 783 4369 (in
801 4304 924 4372 marpine
937 4319 970 4357 m.
985 4303 1032 4356 nit.
1052 4311 1117 4353 uetat
1136 4303 1203 4370 igne)
1249 4321 1254 4332 ·
1277 4303 1395 4368 implendi
1413 4305 1444 4372 pn
1456 4311 1491 4350 ex

274 4390 386 4455 ncorr.)
444 4395 498 4440 sunt
513 4389 709 4459 Neapolitana:
731 4393 778 4440 sint
832 4392 865 4444 23
886 4394 946 4441 citra
968 4392 1006 4458 (in
1020 4393 1087 4458 ros.)
1144 4391 1177 4444 24
1197 4399 1309 4442 exerceat
1329 4393 1368 4458 (ea
1386 4390 1412 4442 in
1429 4385 1488 4448 ras.)
