3212 5326
299 355 360 414 112
637 345 717 390 ulau.
733 347 759 387 V.
790 348 829 386 DE
846 347 897 388 IRA
915 347 968 388 LIB.
985 345 1024 389 Ill.
1054 350 1087 390 ar.
1102 350 1134 389 3⁴2.
1150 349 1186 390 33.

293 495 436 558 inuidiae.
490 502 578 556 tanta
616 503 723 556 tamen
763 495 994 576 inportunitas·
1007 493 1170 556 hominum
1209 501 1273 570 est,
1310 503 1345 556 ut
1378 496 1516 577 quamuis

296 601 429 664 multum
453 602 643 682 acceperint,
675 584 802 663 iniuriae
824 600 897 663 loco
920 602 959 663 sit
982 601 1052 684 plus
1075 601 1216 684 accipere
1239 602 1387 684 potuisse.
1433 603 1515 666 dedit

295 707 370 772 mihi
409 717 607 790 praeturam:
650 709 708 770 sed
747 707 943 772 consulatum
976 727 1184 788 speraueram.
1231 709 1320 770 dedit
1352 709 1539 782 duodecimu

295 813 414 878 fasces:
440 802 586 876 sednon
610 813 683 876 fecit
705 815 895 876 ordinarium
919 814 1089 877 consulem.
1128 835 1146 876 a
1170 834 1223 876 me
1245 816 1401 877 numerari
1424 815 1515 877 uoluit

268 941 429 984 sannum:
464 921 520 984 sed
551 920 641 983 deest
672 920 746 983 mihi
777 923 819 984 ad
843 923 1062 984 sacerdotium.
1109 930 1278 1003 cooptatus
1301 923 1331 983 in
1353 920 1514 1002 collegium

294 1050 382 1091 sum:
426 1030 483 1091 sed
519 1049 573 1090 cur
602 1029 632 1092 in
664 1032 781 1090 unum?
820 1031 1051 1091 consummauit
1082 1029 1266 1110 dignitatem
1299 1049 1422 1090 meam:
1464 1031 1515 1090 sed

293 1137 484 1218 patrimonio
508 1134 582 1198 nihil
606 1134 745 1198 contulit.
785 1155 823 1197 ea
846 1136 935 1198 dedit
959 1135 1034 1198 mihi
1057 1157 1137 1217 quae
1161 1136 1301 1197 debebat
1324 1135 1413 1197 alicui
1436 1137 1515 1199 dare.

293 1243 336 1304 de
364 1263 423 1305 suo
454 1240 528 1303 nihil
550 1240 688 1323 protulit.
735 1261 796 1321 age
819 1242 923 1322 potius
948 1242 1063 1323 gratias
1086 1262 1145 1324 pro
1169 1241 1231 1317 his,
1262 1262 1342 1322 quae
1365 1244 1514 1323 accepisti.
1529 1263 1539 1312 :r

294 1348 412 1430 reliqua
434 1358 571 1430 expecta
594 1357 626 1411 et
649 1349 791 1410 nondum
816 1348 943 1429 plenum
960 1369 1030 1411 esse
1045 1357 1078 1411 te
1093 1351 1207 1430 gaude.
1246 1350 1326 1411 inter
1341 1348 1515 1429 uoluptates

257 1470 278 1509 ¹⁰
294 1464 341 1517 est
377 1477 541 1536 superesse
571 1457 659 1537 quod
689 1475 804 1536 speres
859 1476 970 1518 omnes
1002 1457 1118 1519 uicisti:
1160 1456 1296 1538 primum
1328 1476 1398 1517 esse
1428 1464 1461 1516 te
1489 1457 1514 1517 in

293 1564 398 1624 animo
430 1563 520 1625 amici
551 1563 595 1625 tui
627 1562 751 1624 laetare.
806 1561 894 1625 multi
925 1572 958 1625 te
994 1564 1138 1626 uincunt:
1181 1563 1360 1637 considera,
1399 1573 1513 1643 quanto

293 1672 463 1731 antecedas
486 1670 591 1752 plures
615 1689 710 1752 quam
735 1670 881 1751 sequaris,
927 1671 1015 1750 quod
1039 1670 1078 1732 sit
1101 1671 1131 1732 in
1155 1681 1188 1733 te
1211 1669 1319 1732 uitium
1344 1671 1514 1732 maximum

293 1777 434 1858 quaeris?
473 1775 566 1838 falsas
597 1777 735 1838 rationes
758 1775 904 1856 conficis:
940 1777 1016 1839 data
1040 1796 1157 1858 magno
1182 1788 1358 1852 aestumaS,
1389 1787 1515 1858 accepta

292 1905 402 1966 paruo.

256 2003 278 2044 ¹⁵
336 1999 346 2004 “
381 1990 514 2052 XXXII.
554 1989 652 2052 Aliud
683 1991 713 2051 in
745 1989 806 2052 alio
838 2009 897 2052 nos
928 1991 1105 2052 deterreat:
1141 1989 1329 2072 quibusdam
1353 1991 1536 2057 timeamusr

292 2098 388 2173 irasci,
412 2095 600 2179 quibusdam
625 2103 798 2171 uereamur,
821 2096 1011 2178 quibusdam
1035 2095 1238 2160 fastidiamus.
1277 2118 1427 2178 magnam
1452 2119 1512 2159 rem

291 2205 357 2266 sine
380 2202 478 2266 dubio
495 2203 668 2278 fecerimus
691 2203 717 2265 si
737 2203 895 2266 seruolum
912 2202 1066 2266 infelicem
1082 2206 1112 2266 in
1128 2205 1319 2284 ergastulum
1338 2205 1512 2266 miserimus.

291 2313 365 2392 quid
397 2305 605 2392 properamus
628 2309 795 2372 uerberare
819 2313 942 2386 statim,
974 2330 1064 2372 crura
1085 2313 1229 2393 protinus
1252 2311 1417 2393 frangere?
1456 2332 1513 2372 nou

292 2418 406 2499 peribit
428 2413 572 2500 potestas
595 2417 662 2491 ista,
686 2418 712 2478 si
736 2417 904 2479 differetur.
941 2419 1008 2479 sine
1031 2419 1064 2480 id
1088 2428 1215 2499 tempus
1238 2420 1352 2492 ueniat,
1376 2439 1440 2501 quo
1460 2419 1538 2500 ipsiu

250 2537 276 2577 ²⁰
291 2524 472 2585 iubeamus:
499 2543 582 2585 nunc
605 2544 647 2584 ex
671 2525 803 2604 imperio
829 2526 893 2586 irae
917 2523 1080 2605 loquimur.
1127 2546 1198 2587 cum
1223 2523 1275 2586 illa
1297 2525 1421 2600 abierit,
1443 2535 1511 2587 tunc

290 2630 474 2705 uidebimus
498 2639 617 2711 quanto
641 2631 700 2693 ista
723 2628 759 2692 lis
783 2612 992 2693 aestumanda
1015 2631 1054 2694 sit
1105 2633 1136 2692 in
1159 2631 1221 2693 hoc
1244 2633 1327 2693 enim
1352 2633 1510 2712 praecipue

289 2735 440 2798 fallimur:
475 2739 516 2798 ad
548 2735 662 2798 ferrum
694 2740 851 2812 uenimuS,
883 2739 923 2799 ad
954 2738 1097 2818 capitalia
1126 2738 1292 2819 supplicia,
1324 2747 1357 2801 et
1382 2737 1510 2812 uinculis,

290 2862 429 2918 carcere,
478 2843 561 2905 fame
599 2845 792 2906 uindicamus
830 2865 897 2906 rem
937 2845 1156 2925 castigandam
1197 2844 1302 2926 flagris
1340 2845 1509 2908 leuioribus,

289 2950 472 3030 quomodo,
503 2941 615 3030 inquis,
644 2970 703 3011 nos
726 2951 814 3012 iubes
837 2951 963 3026 intueri,
986 2971 1082 3032 quam
1107 2952 1228 3027 omnia,
1251 2973 1308 3036 per
1331 2974 1413 3034 quae
1434 2952 1536 3015 laedit

250 3070 275 3110 aa
291 3057 468 3130 uideamur,
501 3059 631 3137 exigua,
663 3060 792 3131 misera,
823 3056 951 3139 puerilia
981 3059 1061 3120 sint?
1108 3079 1170 3139 ego
1201 3079 1277 3120 uero
1309 3049 1384 3122 nihil
1415 3061 1509 3138 magis

289 3165 438 3224 suaserim
470 3183 565 3242 quam
597 3184 722 3225 sumere
753 3167 915 3245 ingentem
939 3155 1077 3227 animurir
1102 3173 1135 3227 et
1157 3163 1251 3240 haec,
1282 3139 1414 3247 propter
1435 3185 1509 3246 quae

290 3267 463 3348 litigamus,
488 3271 703 3345 discurrimuS,
727 3269 919 3346 anhelamus,
944 3272 1051 3333 uidere
1074 3291 1164 3354 quarn
1189 3271 1316 3334 humilia
1340 3282 1372 3336 et
1395 3274 1508 3334 abiecta

289 3376 365 3450 sint,
389 3374 461 3436 nulli
485 3379 540 3457 qui
564 3376 661 3438 altum
685 3377 836 3458 quiddam
861 3386 916 3439 aut
941 3377 1142 3457 magnificum
1167 3380 1290 3458 cogitat
1313 3379 1506 3460 respicienda

378 3481 524 3543 XXXIII.
566 3481 656 3544 Circa
678 3484 843 3564 pecuniam
872 3482 1041 3564 plurimum
1073 3482 1306 3547 uociferationis
1338 3495 1401 3548 est:
1436 3484 1535 3545 haect

289 3747 305 3799 5
329 3753 458 3812 cooptatus
483 3746 509 3813 (o
528 3745 617 3800 attera
637 3749 720 3814 corr.)
818 3749 852 3800 ‘l‘t
877 3751 908 3798 sit
932 3750 956 3796 in
980 3755 1003 3798 te
1028 3765 1097 3802 unus
1117 3747 1298 3803 deteriorum:
1326 3752 1420 3800 sitlente

291 3835 323 3887 13
343 3840 448 3886 estumas
472 3835 521 3900 (ax
540 3852 554 3884 u
570 3834 650 3903 facta
669 3837 688 3902 i)
786 3837 819 3888 tt>
844 3837 920 3886 Aliud
945 3837 973 3904 (d
992 3853 1030 3890 aa
1049 3844 1058 3886 t
1077 3839 1161 3904 corr.)
1262 3837 1295 3891 ’17
1314 3839 1451 3889 siseruulum
1470 3837 1504 3901 (uu

289 3925 371 3991 corr.)
469 3927 493 3974 iu
513 3926 660 3990 ergastulum
680 3925 757 3994 (post
777 3927 800 3974 in
820 3925 886 3992 ras.)
988 3925 1022 3978 20
1041 3927 1163 3992 loquimur
1183 3925 1275 3997 Bipt:
1294 3929 1420 3993 loquemur

211 4009 215 4016 ’
288 4013 320 4065 21
342 4015 485 4078 esfumanda
505 4014 530 4081 (u
549 4013 576 4066 tn
596 4016 604 4063 i
623 4014 698 4080 mut.)
790 4013 824 4065 22
844 4015 877 4063 ad
896 4016 1013 4079 capitalia
1033 4015 1061 4081 (d
1081 4016 1165 4082 corr.)
1252 4013 1287 4067 24
1306 4019 1454 4082 quomodo.
1474 4055 1477 4061 .
1497 4054 1503 4063 .

288 4120 333 4152 nos
353 4104 421 4152 iubes
440 4105 566 4156 intueri..
581 4105 605 4156 .?
621 4099 686 4170 sera
703 4102 873 4170 stpae'fiaant:
895 4103 944 4171 qut
956 4103 1023 4170 fieri
1037 4108 1125 4173 potest
1131 4145 1139 4168 ,
1158 4110 1188 4156 ut
1206 4119 1257 4156 aas
1275 4103 1369 4159 iubeas
1388 4101 1503 4160 antuertf,

288 4196 320 4244 ut
332 4190 366 4245 de
378 4190 421 4244 ira
434 4193 458 4258 2,
473 4194 515 4254 31,
532 4194 547 4244 3
567 4193 693 4256 quomodo
710 4209 778 4258 ergo,
798 4193 883 4257 inquit,
903 4193 1058 4242 inimicorum
1078 4211 1123 4242 nos
1136 4196 1238 4244 iniuriae
1251 4197 1366 4244 mouent?
1386 4209 1441 4264 app.
1455 4197 1476 4251 5,
1490 4191 1501 4238 i

288 4282 415 4346 quomodo
433 4282 481 4330 ista
505 4286 555 4329 tarn
575 4281 671 4329 diuersa
695 4282 785 4345 pariter
805 4283 876 4330 eunt?
907 4286 932 4334 et
952 4279 1041 4346 Quint.
1064 4285 1086 4349 1,
1109 4286 1149 4346 10,
1170 4285 1203 4336 33
1229 4284 1356 4348 quomodo
1381 4301 1426 4332 non
1443 4283 1501 4330 hanc

289 4385 385 4434 quoque
410 4375 487 4418 artem
512 4360 675 4418 necessariam
702 4386 753 4419 esse
772 4372 842 4434 operi
861 4375 944 4419 nostro
964 4371 1003 4419 uel
1021 4372 1098 4436 iniqui
1110 4373 1285 4422 consentient?
1323 4377 1434 4426 aeterum
1457 4364 1501 4418 aa·

290 4456 398 4510 madum
419 4456 526 4528 placuit
550 4456 625 4528 quod
649 4455 744 4512 Haase
764 4458 911 4529 proposuit
935 4461 1035 4528 intueri,
1066 4466 1192 4528 tamquam
1217 4463 1302 4510 omnia
