3212 5326
422 347 499 390 lunt..
516 347 542 387 V.
571 347 677 391 IllllRA
693 347 746 390 ΜΒ.
764 347 803 392 lll.
832 351 963 391 anam.
1078 371 1082 384 ι
1244 355 1303 416 109

102 495 162 559 mihi
187 479 307 571 nocuit,
341 515 402 576 ego
433 493 475 558 illi
507 495 658 557 nondum.
704 495 762 556 sed
785 494 845 556 iam
870 493 1005 577 aliquem
1029 493 1161 558 sortasse
1183 494 1305 561 laesisti.

101 603 145 666 sed
171 602 282 666 laedes.
330 601 393 666 noli
425 610 602 665 aestumare
631 599 713 662 hanc
743 599 856 664 boram
881 609 934 664 aut
957 599 1040 664 hunc
1063 599 1156 666 diem.
1202 610 1305 664 totum

100 710 197 791 inspice
218 710 335 772 mentis
358 717 431 772 tuae
452 707 613 771 habitum:
641 705 763 770 etiamsi
779 705 853 769 nihil
869 706 942 770 mali
958 706 1064 783 fecisti,
1087 717 1181 790 potes
1195 707 1306 771 tacere.

78 821 85 872 l
172 815 302 878 XXVII.
350 813 479 896 Quanto
517 814 612 877 satius
643 821 691 875 est
721 833 832 876 sanare
869 813 1009 876 iniuriam
1048 835 1144 895 quam
1183 813 1306 878 ulcisci?

99 922 210 984 multum
234 921 390 1004 temporis
414 920 489 983 ultio
514 919 664 994 absumit,
689 917 795 984 multis
818 940 853 982 se
875 921 988 983 Iniuriis
1012 921 1122 996 obicit,
1146 921 1222 984 dum
1246 939 1334 986 unat

99 1029 177 1092 dolet
220 1029 337 1092 diutius
361 1029 520 1092 irascimur
544 1047 655 1090 omnes
679 1047 775 1110 quam
798 1025 971 1090 laedimur=
998 1037 1117 1108 quanto
1134 1028 1243 1091 melius
1260 1039 1308 1093 est

98 1135 168 1198 abire
195 1136 223 1197 in
249 1136 411 1198 diuersum
434 1155 492 1198 nec
516 1135 590 1198 uitia
613 1134 692 1198 uitiis
717 1137 902 1215 opponere?
942 1154 1017 1197 num
1041 1135 1110 1216 quis
1133 1136 1208 1198 satis
1232 1157 1305 1198 con-

97 1251 165 1304 stare
193 1242 251 1304 sibi
285 1243 442 1316 uideatur,
475 1241 499 1304 si
531 1241 649 1304 mulam
683 1239 820 1304 calcibus
844 1249 966 1323 repetat
990 1249 1022 1303 et
1045 1261 1154 1304 canem
1179 1246 1306 1305 morsu?

72 1347 157 1423 tista,
185 1348 301 1431 inquis,
333 1367 464 1431 peccare
495 1369 528 1410 se
552 1349 701 1412 nesciunt.
747 1348 883 1431 primum
907 1368 1003 1430 quam
1026 1347 1121 1411 inicus
1143 1357 1198 1424 est,
1223 1350 1308 1430 apud

95 1477 174 1536 quem
202 1455 367 1519 hominem
399 1463 466 1519 'esse
502 1457 543 1519 ad
575 1456 794 1538 inpetrandam
826 1455 950 1518 ueniam
982 1458 1097 1518 nocet?
1136 1455 1251 1518 deinde
1282 1455 1308 1518 sl
1324 1481 1348 1520 ιο

96 1571 184 1624 cetera
220 1562 369 1626 animalia
405 1562 468 1628 hoc
495 1561 570 1624 „irae
609 1571 681 1626 tuae
712 1562 872 1637 subducit,
911 1562 998 1644 quod
1031 1561 1159 1624 consilio
1191 1571 1307 1638 carent,

95 1669 194 1731 eodem
225 1669 300 1732 loco
332 1669 388 1732 tibi
418 1670 458 1732 sit
490 1669 628 1752 quisquis
651 1667 779 1732 consilio
803 1676 898 1731 caret.
943 1668 1019 1749 quid
1043 1670 1125 1730 enim
1151 1667 1244 1732 refert
1267 1689 1307 1732 an

94 1750 146 1836 alia
169 1778 264 1839 mutis
295 1775 454 1839 dissimilia
484 1777 617 1852 habeat,
648 1776 673 1839 si
703 1775 766 1838 hoc
789 1774 875 1858 quod
899 1776 930 1838 in
954 1777 1040 1838 omni
1063 1786 1196 1858 peccato
1221 1785 1308 1839 muta

68 1887 78 1934 :t
93 1881 234 1958 defendit,
275 1881 375 1945 simile
406 1881 519 1958 habet,
559 1881 723 1964 caliginem
756 1882 890 1945 mentis?
937 1882 1097 1964 peccauit:
1131 1881 1194 1944 hbe
1225 1883 1306 1945 enim

93 1981 234 2070 prim'um?
276 1988 339 2051 hoc
362 1989 444 2052 enim
469 1993 670 2052 extremum?
703 2009 766 2052 non
791 1999 838 2052 est
861 1990 950 2071 quod
974 1988 1014 2052 illi
1039 1991 1162 2064 credas,
1186 1990 1308 2052 etiamsi
1325 2011 1347 2050 rs
1404 2017 1407 2030 ·

94 2095 212 2159 dixerit:
244 2097 358 2158 iterum
383 2117 447 2158 non
471 2095 592 2160 faciam.
640 2105 672 2159 et
695 2095 753 2158 iste
776 2094 923 2178 peccabit
947 2104 979 2158 et
1002 2097 1033 2159 in
1057 2097 1151 2158 istum
1175 2095 1251 2158 alius
1276 2105 1308 2158 et

93 2211 149 2266 tota
171 2203 235 2266 uita
258 2203 339 2266 inter
362 2223 484 2266 errores
508 2202 707 2266 uolutabitur.
747 2211 910 2266 mansuete
932 2202 1128 2266 inmansueta
1143 2203 1309 2266 tractanda

67 2309 75 2360 -i
92 2317 159 2370 sunt.
206 2309 293 2391 quod
326 2310 356 2372 in
386 2309 470 2373 luctu
502 2310 562 2373 dici
592 2308 675 2372 solet
707 2308 938 2386 efficacissime,
969 2319 1002 2372 et
1032 2311 1064 2372 ln
1094 2311 1138 2372 ira
1166 2311 1304 2372 dicetur:
1358 2320 1362 2330 “

91 2423 183 2479 utrum
222 2416 393 2498 aliquando
432 2417 555 2480 desines
594 2435 633 2479 an
668 2420 862 2498 numquam?
908 2417 934 2478 si
964 2415 1149 2499 aliquando,
1188 2424 1307 2499 quanto

32 2529 33 2537 ’
91 2524 174 2586 satius
205 2533 254 2588 est
277 2525 356 2587 iram
379 2522 552 2606 relinquere
575 2543 670 2606 quam
694 2522 736 2586 ab
760 2523 804 2585 Ira
827 2522 977 2605 relinqui?
1016 2543 1055 2586 an
1079 2543 1206 2606 semper
1229 2523 1307 2586 haec
1321 2541 1347 2582 nn

91 2630 209 2709 agitatio
233 2629 453 2713 permanebit?
485 2629 573 2694 uides
596 2651 692 2712 quam
716 2633 896 2712 inpacatam
919 2629 976 2694 tibi
999 2631 1164 2693 denunties
1187 2630 1306 2692 uitam?
1404 2635 1406 2642 '

65 2737 75 2784 ἓν
91 2736 178 2815 qualis
202 2739 286 2800 enim
311 2737 368 2800 erit
391 2757 516 2820 semper
539 2739 709 2800 tumentis?
743 2737 832 2800 adice
855 2757 946 2812 nunc,
969 2737 1056 2820 quod
1081 2756 1152 2799 cum
1176 2737 1258 2798 bene
1275 2746 1307 2797 te

89 2841 146 2925 ipse
167 2844 367 2907 succenderis
390 2854 422 2907 et
445 2844 578 2906 subinde
603 2865 727 2921 causas,
752 2843 865 2927 quibus
889 2842 1070 2920 stimuleriS,
1100 2843 1306 2920 renouaueris‚

87 2971 135 3012 sua
164 2962 280 3033 sponte
303 2952 348 3013 ira
371 2952 512 3014 discedet
536 2961 568 3013 et
591 2952 671 3014 uires
695 2949 737 3015 illi
760 2951 826 3014 dies
849 2950 1032 3015 subtrahet:
1067 2958 1186 3032 quanto
1211 2949 1306 3012 satius

89 3067 226 3121 estate
249 3056 334 3121 illam
359 3045 439 3120 uinci
461 3078 557 3139 quam
581 3079 600 3122 a
623 3062 678 3120 se?
1321 3076 1347 3115 ns

66 3161 71 3212 ¹
167 3163 318 3228 XXVIII.
358 3163 439 3226 Huic
468 3165 624 3241 irasceris,
656 3165 771 3228 deinde
800 3163 849 3227 illi.
896 3165 1011 3239 seruiS,
1041 3165 1157 3227 deinde
1181 3161 1306 3226 libertis

89 3271 279 3348 parentibus,
319 3270 433 3333 deinde
463 3269 574 3333 liberis.
624 3272 722 3344 notIS,
762 3271 877 3334 deinde
906 3272 1029 3352 ignotis.
1077 3271 1192 3353 ubique
1223 3271 1305 3342 enim

88 3396 193 3440 causae
222 3385 405 3459 supersunt,
445 3377 500 3440 nisi
531 3378 719 3459 deprecator
750 3379 871 3441 animus
903 3379 1043 3440 accessit.
1089 3378 1161 3440 hinc
1191 3386 1223 3439 te
1254 3375 1306 3438 illo

88 3480 165 3545 luror
196 3485 312 3566 rapiet,
343 3481 424 3546 illinc
454 3483 533 3560 alio,
564 3493 596 3547 et
627 3485 717 3547 nouis
748 3484 883 3547 subinde
907 3484 1112 3547 inritamentis
1135 3484 1307 3547 orientibus

86 3589 313 3654 continuabitur
342 3590 462 3653 rabies:
504 3611 580 3674 age,
618 3588 740 3666 inselix,
780 3590 946 3673 ecquando
977 3589 1119 3652 amabis?
1159 3612 1179 3653 o
1211 3611 1305 3674 quam
1321 3607 1349 3648 ³0

59 3692 201 3758 ‘lbonum
224 3707 351 3778 tempus
374 3697 404 3759 in
427 3717 461 3760 re
486 3696 568 3761 mala
590 3697 713 3780 perdis!
754 3706 874 3779 quanto
895 3717 978 3760 nunc
993 3703 1060 3760 er‘at
1076 3698 1172 3760 satius
1187 3698 1306 3761 amicos

88 3839 267 3848 ————-.—..-.
276 3841 291 3847 -ι

86 3906 185 3956 turam
290 3908 305 3961 4
331 3925 417 3959 sanare
436 3907 566 3978 Madm'yr
593 3910 675 3960 sanari
777 3907 793 3957 8
819 3866 979 3960 sibimdeatur
1081 3910 1097 3962 tl
1122 3911 1199 3960 inicus
1224 3909 1305 3976 (ease

82 3992 183 4060 factum
204 4002 243 4050 est
261 4016 289 4063 q,
309 4015 324 4047 u
343 3999 497 4068 suprascr.)
584 4007 642 4064 aput
729 3999 757 4050 ll
780 4002 861 4050 cetera
881 3997 919 4065 (iu
939 3998 1006 4064 ras.)
1095 3999 1123 4052 13
1142 3999 1213 4046 mutis
1233 3995 1305 4050 Med.

88 4079 213 4136 Dcorr.:
233 4087 313 4136 multis
402 4085 523 4155 inomni]
543 4084 633 4140 malim
653 4088 685 4137 ab
704 4089 772 4138 omni
859 4085 891 4140 16
911 4087 999 4137 dixerit
1018 4084 1087 4148 cod„
1107 4086 1168 4139 ilem
1182 4084 1306 4156 Lipsius:

84 4173 139 4222 dixit
158 4171 241 4242 sculpo
338 4173 369 4228 18
388 4177 413 4225 in
433 4154 565 4226 iradicetur
660 4176 692 4228 ‘21
714 4176 816 4241 agitatio
835 4173 943 4230 Haase:
966 4177 1085 4240 cogitatio
1175 4175 1304 4228 uides...

84 4262 173 4310 uitam?
207 4261 280 4316 Koch
299 4268 402 4318 titulata
420 4263 635 4334 interpunclt'one
661 4263 740 4331 (conl.
760 4263 799 4318 ad
817 4261 904 4318 Marc.
927 4267 973 4327 13,
998 4267 1014 4316 4
1034 4265 1101 4314 uides
1120 4280 1193 4330 quam
1213 4279 1305 4328 magno

84 4360 165 4408 animo
186 4359 302 4428 tulerit?);
323 4359 379 4413 iride
398 4359 484 4431 Neap.
507 4358 588 4416 Gertz
679 4363 821 4429 denuntietis
917 4361 951 4416 28
977 4355 1066 4432 causae
1160 4362 1306 4428 deprecator

172 4457 209 4508 30
227 4461 349 4522 ecquando
372 4457 510 4513 Goermz:
531 4470 554 4510 et
573 4462 671 4526 quando
