<?xml version="1.0" encoding="UTF-8"?>
<!DOCTYPE html PUBLIC "-//W3C//DTD XHTML 1.0 Transitional//EN"
    "http://www.w3.org/TR/xhtml1/DTD/xhtml1-transitional.dtd">
<html xmlns="http://www.w3.org/1999/xhtml" xml:lang="en" lang="en">
 <head>
  <title>
</title>
<meta http-equiv="Content-Type" content="text/html;charset=utf-8" />
  <meta name='ocr-system' content='tesseract 3.04.00' />
  <meta name='ocr-capabilities' content='ocr_page ocr_carea ocr_par ocr_line ocrx_word'/>
</head>
<body>
  <div class='ocr_page' id='page_1' title='image "./lannaeisenecaed01vahlgoog_0094.png"; bbox 0 0 3212 5326; ppageno 0'>
   <div class='ocr_carea' id='block_1_1' title="bbox 260 335 1312 464">
    <p class='ocr_par' dir='ltr' id='par_1_1' title="bbox 260 335 1312 464">
     <span class='ocr_line' id='line_1_1' title="bbox 467 335 1312 426; baseline -0.005 -31"><span class='ocrx_word' id='word_1_1' title='bbox 467 353 547 396; x_wconf 77' lang='lat' dir='ltr'>nasu.</span> <span class='ocrx_word' id='word_1_2' title='bbox 564 355 604 400; x_wconf 85' lang='lat'>111.</span> <span class='ocrx_word' id='word_1_3' title='bbox 637 353 676 394; x_wconf 84' lang='lat' dir='ltr'>os</span> <span class='ocrx_word' id='word_1_4' title='bbox 691 354 742 396; x_wconf 73' lang='lat' dir='ltr'>aaa</span> <span class='ocrx_word' id='word_1_5' title='bbox 758 354 812 397; x_wconf 74' lang='lat' dir='ltr'>aas.</span> <span class='ocrx_word' id='word_1_6' title='bbox 829 354 845 398; x_wconf 92' lang='lat'>1.</span> <span class='ocrx_word' id='word_1_7' title='bbox 868 357 899 398; x_wconf 85' lang='lat' dir='ltr'>ra.</span> <span class='ocrx_word' id='word_1_8' title='bbox 915 359 948 410; x_wconf 75' lang='lat' dir='ltr'>ap.</span> <span class='ocrx_word' id='word_1_9' title='bbox 1014 335 1018 344; x_wconf 87' lang='lat'>&#39;</span> <span class='ocrx_word' id='word_1_10' title='bbox 1271 365 1312 426; x_wconf 81' lang='lat'>53</span> 
     </span>
     <span class='ocr_line' id='line_1_2' title="bbox 260 435 274 464; baseline 0 0"><span class='ocrx_word' id='word_1_11' title='bbox 260 435 274 464; x_wconf 60' lang='lat' dir='ltr'>S</span> 
     </span>
    </p>
   </div>
   <div class='ocr_carea' id='block_1_2' title="bbox 82 501 1402 3880">
    <p class='ocr_par' dir='ltr' id='par_1_2' title="bbox 82 501 1402 3880">
     <span class='ocr_line' id='line_1_3' title="bbox 108 501 1313 586; baseline 0.002 -22"><span class='ocrx_word' id='word_1_12' title='bbox 108 503 160 564; x_wconf 89' lang='lat' dir='ltr'>lacit</span> <span class='ocrx_word' id='word_1_13' title='bbox 181 502 318 583; x_wconf 91' lang='lat' dir='ltr'>quisquis</span> <span class='ocrx_word' id='word_1_14' title='bbox 342 520 458 567; x_wconf 82' lang='lat' dir='ltr'>uacuus</span> <span class='ocrx_word' id='word_1_15' title='bbox 481 501 526 564; x_wconf 87' lang='lat' dir='ltr'>ira</span> <span class='ocrx_word' id='word_1_16' title='bbox 549 502 694 564; x_wconf 89' lang='lat' dir='ltr'>meritam</span> <span class='ocrx_word' id='word_1_17' title='bbox 718 502 830 583; x_wconf 90' lang='lat' dir='ltr'>cuique</span> <span class='ocrx_word' id='word_1_18' title='bbox 853 521 991 586; x_wconf 91' lang='lat' dir='ltr'>poenam</span> <span class='ocrx_word' id='word_1_19' title='bbox 1006 503 1145 583; x_wconf 91' lang='lat' dir='ltr'>iniungit.</span> <span class='ocrx_word' id='word_1_20' title='bbox 1184 503 1313 566; x_wconf 85' lang='lat' dir='ltr'>dimittit</span> 
     </span>
     <span class='ocr_line' id='line_1_4' title="bbox 107 601 1313 692; baseline 0.003 -22"><span class='ocrx_word' id='word_1_21' title='bbox 107 628 182 690; x_wconf 86' lang='lat' dir='ltr'>saepe</span> <span class='ocrx_word' id='word_1_22' title='bbox 194 621 274 683; x_wconf 89' lang='lat' dir='ltr'>eum,</span> <span class='ocrx_word' id='word_1_23' title='bbox 289 609 375 670; x_wconf 88' lang='lat' dir='ltr'>cuius</span> <span class='ocrx_word' id='word_1_24' title='bbox 390 615 557 690; x_wconf 89' lang='lat' dir='ltr'>peccatum</span> <span class='ocrx_word' id='word_1_25' title='bbox 574 609 751 692; x_wconf 88' lang='lat' dir='ltr'>deprendit,</span> <span class='ocrx_word' id='word_1_26' title='bbox 767 609 792 671; x_wconf 92' lang='lat' dir='ltr'>si</span> <span class='ocrx_word' id='word_1_27' title='bbox 805 609 996 690; x_wconf 89' lang='lat' dir='ltr'>paenitentia</span> <span class='ocrx_word' id='word_1_28' title='bbox 1009 606 1082 672; x_wconf 88' lang='lat' dir='ltr'>lacti</span> <span class='ocrx_word' id='word_1_29' title='bbox 1094 601 1184 692; x_wconf 84' lang='lat' dir='ltr'>spe&#39;m</span> <span class='ocrx_word' id='word_1_30' title='bbox 1193 607 1313 674; x_wconf 82' lang='lat' dir='ltr'>bonam</span> 
     </span>
     <span class='ocr_line' id='line_1_5' title="bbox 108 711 1313 798; baseline 0.002 -22"><span class='ocrx_word' id='word_1_31' title='bbox 108 713 259 796; x_wconf 88' lang='lat' dir='ltr'>pollicetur,</span> <span class='ocrx_word' id='word_1_32' title='bbox 274 715 300 776; x_wconf 92' lang='lat' dir='ltr'>si</span> <span class='ocrx_word' id='word_1_33' title='bbox 316 713 467 795; x_wconf 86' lang='lat' dir='ltr'>intellegit</span> <span class='ocrx_word' id='word_1_34' title='bbox 483 733 548 776; x_wconf 89' lang='lat' dir='ltr'>non</span> <span class='ocrx_word' id='word_1_35' title='bbox 564 733 606 776; x_wconf 86' lang='lat' dir='ltr'>ex</span> <span class='ocrx_word' id='word_1_36' title='bbox 617 711 683 777; x_wconf 87' lang='lat' dir='ltr'>alto</span> <span class='ocrx_word' id='word_1_37' title='bbox 695 715 800 777; x_wconf 91' lang='lat' dir='ltr'>uenire</span> <span class='ocrx_word' id='word_1_38' title='bbox 810 715 989 796; x_wconf 86' lang='lat' dir='ltr'>nequitiam,</span> <span class='ocrx_word' id='word_1_39' title='bbox 1005 717 1063 778; x_wconf 88' lang='lat' dir='ltr'>sed</span> <span class='ocrx_word' id='word_1_40' title='bbox 1074 735 1211 790; x_wconf 92' lang='lat' dir='ltr'>summo,</span> <span class='ocrx_word' id='word_1_41' title='bbox 1225 717 1313 798; x_wconf 93' lang='lat' dir='ltr'>quod</span> 
     </span>
     <span class='ocr_line' id='line_1_6' title="bbox 107 819 1312 903; baseline 0.002 -21"><span class='ocrx_word' id='word_1_42' title='bbox 107 821 181 895; x_wconf 86' lang='lat' dir='ltr'>aiunt,</span> <span class='ocrx_word' id='word_1_43' title='bbox 205 820 312 882; x_wconf 91' lang='lat' dir='ltr'>animo</span> <span class='ocrx_word' id='word_1_44' title='bbox 328 819 499 884; x_wconf 91' lang='lat' dir='ltr'>inhaerere.</span> <span class='ocrx_word' id='word_1_45' title='bbox 538 819 627 884; x_wconf 91' lang='lat' dir='ltr'>dabit</span> <span class='ocrx_word' id='word_1_46' title='bbox 642 820 848 902; x_wconf 89' lang='lat' dir='ltr'>inpunitatem</span> <span class='ocrx_word' id='word_1_47' title='bbox 865 841 924 884; x_wconf 89' lang='lat' dir='ltr'>nec</span> <span class='ocrx_word' id='word_1_48' title='bbox 946 821 1169 903; x_wconf 86' lang='lat' dir='ltr'>accipientibus</span> <span class='ocrx_word' id='word_1_49' title='bbox 1192 822 1312 885; x_wconf 91' lang='lat' dir='ltr'>nocitu-</span> 
     </span>
     <span class='ocr_line' id='line_1_7' title="bbox 85 923 1340 1011; baseline 0.002 -21"><span class='ocrx_word' id='word_1_50' title='bbox 85 938 159 990; x_wconf 80' lang='lat' dir='ltr'>lram</span> <span class='ocrx_word' id='word_1_51' title='bbox 174 945 230 988; x_wconf 95' lang='lat' dir='ltr'>nec</span> <span class='ocrx_word' id='word_1_52' title='bbox 244 925 401 990; x_wconf 87' lang='lat' dir='ltr'>dantibus.</span> <span class='ocrx_word' id='word_1_53' title='bbox 446 945 685 1008; x_wconf 87' lang='lat' dir='ltr'>nonnumquam</span> <span class='ocrx_word' id='word_1_54' title='bbox 701 945 819 1007; x_wconf 89' lang='lat' dir='ltr'>magna</span> <span class='ocrx_word' id='word_1_55' title='bbox 833 925 953 990; x_wconf 86' lang='lat' dir='ltr'>scelera</span> <span class='ocrx_word' id='word_1_56' title='bbox 968 925 1064 990; x_wconf 91' lang='lat' dir='ltr'>leuius</span> <span class='ocrx_word' id='word_1_57' title='bbox 1080 947 1175 1011; x_wconf 89' lang='lat' dir='ltr'>quam</span> <span class='ocrx_word' id='word_1_58' title='bbox 1192 923 1314 998; x_wconf 86' lang='lat' dir='ltr'>minora</span> <span class='ocrx_word' id='word_1_59' title='bbox 1328 955 1340 994; x_wconf 79' lang='lat' dir='ltr'>a</span> 
     </span>
     <span class='ocr_line' id='line_1_8' title="bbox 106 1029 1313 1114; baseline 0.002 -20"><span class='ocrx_word' id='word_1_60' title='bbox 106 1041 264 1114; x_wconf 88' lang='lat' dir='ltr'>conpescet,</span> <span class='ocrx_word' id='word_1_61' title='bbox 280 1033 305 1094; x_wconf 93' lang='lat' dir='ltr'>si</span> <span class='ocrx_word' id='word_1_62' title='bbox 322 1029 373 1094; x_wconf 88' lang='lat' dir='ltr'>illa</span> <span class='ocrx_word' id='word_1_63' title='bbox 389 1032 485 1114; x_wconf 89' lang='lat' dir='ltr'>lapsu,</span> <span class='ocrx_word' id='word_1_64' title='bbox 502 1052 566 1094; x_wconf 90' lang='lat' dir='ltr'>non</span> <span class='ocrx_word' id='word_1_65' title='bbox 583 1031 769 1096; x_wconf 91' lang='lat' dir='ltr'>crudelitate</span> <span class='ocrx_word' id='word_1_66' title='bbox 785 1034 955 1096; x_wconf 91' lang='lat' dir='ltr'>commissa</span> <span class='ocrx_word' id='word_1_67' title='bbox 967 1042 1047 1108; x_wconf 79' lang='lat' dir='ltr'>sunt,</span> <span class='ocrx_word' id='word_1_68' title='bbox 1063 1033 1111 1096; x_wconf 92' lang='lat' dir='ltr'>his</span> <span class='ocrx_word' id='word_1_69' title='bbox 1124 1034 1205 1098; x_wconf 91' lang='lat' dir='ltr'>inest</span> <span class='ocrx_word' id='word_1_70' title='bbox 1213 1033 1313 1098; x_wconf 88' lang='lat' dir='ltr'>latens</span> 
     </span>
     <span class='ocr_line' id='line_1_9' title="bbox 106 1137 1314 1220; baseline 0.002 -20"><span class='ocrx_word' id='word_1_71' title='bbox 106 1147 128 1200; x_wconf 92' lang='lat' dir='ltr'>et</span> <span class='ocrx_word' id='word_1_72' title='bbox 155 1147 261 1220; x_wconf 90' lang='lat' dir='ltr'>operta</span> <span class='ocrx_word' id='word_1_73' title='bbox 292 1147 325 1202; x_wconf 94' lang='lat' dir='ltr'>et</span> <span class='ocrx_word' id='word_1_74' title='bbox 355 1139 530 1202; x_wconf 86' lang='lat' dir='ltr'>inueterata</span> <span class='ocrx_word' id='word_1_75' title='bbox 560 1137 721 1202; x_wconf 88' lang='lat' dir='ltr'>calliditas.</span> <span class='ocrx_word' id='word_1_76' title='bbox 767 1138 851 1203; x_wconf 92' lang='lat' dir='ltr'>idem</span> <span class='ocrx_word' id='word_1_77' title='bbox 874 1138 1023 1202; x_wconf 90' lang='lat' dir='ltr'>delictum</span> <span class='ocrx_word' id='word_1_78' title='bbox 1047 1140 1078 1202; x_wconf 94' lang='lat' dir='ltr'>in</span> <span class='ocrx_word' id='word_1_79' title='bbox 1101 1138 1226 1203; x_wconf 90' lang='lat' dir='ltr'>duobus</span> <span class='ocrx_word' id='word_1_80' title='bbox 1250 1161 1314 1202; x_wconf 90' lang='lat' dir='ltr'>non</span> 
     </span>
     <span class='ocr_line' id='line_1_10' title="bbox 107 1242 1314 1330; baseline 0.004 -25"><span class='ocrx_word' id='word_1_81' title='bbox 107 1243 204 1330; x_wconf 73' lang='lat' dir='ltr'>eodem</span> <span class='ocrx_word' id='word_1_82' title='bbox 243 1242 328 1308; x_wconf 88' lang='lat' dir='ltr'>malo</span> <span class='ocrx_word' id='word_1_83' title='bbox 368 1243 506 1321; x_wconf 83' lang='lat' dir='ltr'>adficiet,</span> <span class='ocrx_word' id='word_1_84' title='bbox 545 1246 571 1308; x_wconf 91' lang='lat' dir='ltr'>si</span> <span class='ocrx_word' id='word_1_85' title='bbox 601 1243 680 1308; x_wconf 87' lang='lat' dir='ltr'>alter</span> <span class='ocrx_word' id='word_1_86' title='bbox 710 1265 766 1328; x_wconf 90' lang='lat' dir='ltr'>per</span> <span class='ocrx_word' id='word_1_87' title='bbox 797 1245 1030 1326; x_wconf 85' lang='lat' dir='ltr'>neglegentiam</span> <span class='ocrx_word' id='word_1_88' title='bbox 1062 1247 1202 1324; x_wconf 85' lang='lat' dir='ltr'>admisit,</span> <span class='ocrx_word' id='word_1_89' title='bbox 1235 1245 1314 1316; x_wconf 87' lang='lat' dir='ltr'>alter</span> 
     </span>
     <span class='ocr_line' id='line_1_11' title="bbox 85 1350 1314 1434; baseline 0.002 -22"><span class='ocrx_word' id='word_1_90' title='bbox 85 1352 207 1412; x_wconf 73' lang='lat' dir='ltr'>tcurauit</span> <span class='ocrx_word' id='word_1_91' title='bbox 244 1359 279 1414; x_wconf 92' lang='lat' dir='ltr'>ut</span> <span class='ocrx_word' id='word_1_92' title='bbox 314 1370 434 1414; x_wconf 91' lang='lat' dir='ltr'>nocens</span> <span class='ocrx_word' id='word_1_93' title='bbox 472 1360 564 1414; x_wconf 90' lang='lat' dir='ltr'>esset.</span> <span class='ocrx_word' id='word_1_94' title='bbox 617 1350 680 1414; x_wconf 94' lang='lat' dir='ltr'>hoc</span> <span class='ocrx_word' id='word_1_95' title='bbox 709 1370 837 1434; x_wconf 85' lang='lat' dir='ltr'>semper</span> <span class='ocrx_word' id='word_1_96' title='bbox 866 1352 895 1412; x_wconf 94' lang='lat' dir='ltr'>in</span> <span class='ocrx_word' id='word_1_97' title='bbox 927 1352 1014 1414; x_wconf 89' lang='lat' dir='ltr'>omni</span> <span class='ocrx_word' id='word_1_98' title='bbox 1042 1352 1314 1416; x_wconf 89' lang='lat' dir='ltr'>animaduersione</span> 
     </span>
     <span class='ocr_line' id='line_1_12' title="bbox 105 1455 1355 1534; baseline 0.005 -16"><span class='ocrx_word' id='word_1_99' title='bbox 105 1456 232 1533; x_wconf 87' lang='lat' dir='ltr'>seruabit,</span> <span class='ocrx_word' id='word_1_100' title='bbox 262 1464 298 1519; x_wconf 90' lang='lat' dir='ltr'>ut</span> <span class='ocrx_word' id='word_1_101' title='bbox 320 1458 399 1520; x_wconf 88' lang='lat' dir='ltr'>sciat</span> <span class='ocrx_word' id='word_1_102' title='bbox 421 1455 553 1521; x_wconf 88' lang='lat' dir='ltr'>alteram</span> <span class='ocrx_word' id='word_1_103' title='bbox 577 1457 728 1532; x_wconf 89' lang='lat' dir='ltr'>adhiberi,</span> <span class='ocrx_word' id='word_1_104' title='bbox 751 1466 787 1520; x_wconf 90' lang='lat' dir='ltr'>ut</span> <span class='ocrx_word' id='word_1_105' title='bbox 810 1458 960 1520; x_wconf 90' lang='lat' dir='ltr'>emendet</span> <span class='ocrx_word' id='word_1_106' title='bbox 984 1457 1094 1532; x_wconf 70' lang='lat' dir='ltr'>malos</span> <span class='ocrx_word' id='word_1_107' title='bbox 1117 1458 1257 1534; x_wconf 86' lang='lat' dir='ltr'>alteram,</span> <span class='ocrx_word' id='word_1_108' title='bbox 1280 1467 1315 1522; x_wconf 90' lang='lat' dir='ltr'>ut</span> <span class='ocrx_word' id='word_1_109' title='bbox 1332 1483 1355 1524; x_wconf 87' lang='grc' dir='ltr'>ιο</span> 
     </span>
     <span class='ocr_line' id='line_1_13' title="bbox 105 1562 1316 1647; baseline 0.002 -23"><span class='ocrx_word' id='word_1_110' title='bbox 105 1563 189 1626; x_wconf 89' lang='lat' dir='ltr'>tollat</span> <span class='ocrx_word' id='word_1_111' title='bbox 232 1565 265 1626; x_wconf 93' lang='lat' dir='ltr'>in</span> <span class='ocrx_word' id='word_1_112' title='bbox 295 1573 430 1647; x_wconf 90' lang='lat' dir='ltr'>utroque</span> <span class='ocrx_word' id='word_1_113' title='bbox 453 1584 517 1628; x_wconf 89' lang='lat' dir='ltr'>non</span> <span class='ocrx_word' id='word_1_114' title='bbox 540 1565 718 1646; x_wconf 89' lang='lat' dir='ltr'>praeterita,</span> <span class='ocrx_word' id='word_1_115' title='bbox 741 1563 799 1626; x_wconf 92' lang='lat' dir='ltr'>sed</span> <span class='ocrx_word' id='word_1_116' title='bbox 822 1562 923 1626; x_wconf 83' lang='lat' dir='ltr'>lutura</span> <span class='ocrx_word' id='word_1_117' title='bbox 946 1563 1124 1628; x_wconf 89' lang='lat' dir='ltr'>intuebitur.</span> <span class='ocrx_word' id='word_1_118' title='bbox 1174 1583 1257 1640; x_wconf 88' lang='lat' dir='ltr'>nam,</span> <span class='ocrx_word' id='word_1_119' title='bbox 1282 1573 1316 1626; x_wconf 94' lang='lat' dir='ltr'>ut</span> 
     </span>
     <span class='ocr_line' id='line_1_14' title="bbox 105 1655 1313 1753; baseline 0.002 -23"><span class='ocrx_word' id='word_1_120' title='bbox 105 1669 181 1732; x_wconf 88' lang='lat' dir='ltr'>Plato</span> <span class='ocrx_word' id='word_1_121' title='bbox 195 1664 353 1746; x_wconf 75' lang='lat' dir='ltr'>ait,&#39;nemo</span> <span class='ocrx_word' id='word_1_122' title='bbox 368 1655 515 1751; x_wconf 63' lang='lat' dir='ltr'>piudens</span> <span class='ocrx_word' id='word_1_123' title='bbox 531 1671 638 1751; x_wconf 84' lang='lat' dir='ltr'>punit,</span> <span class='ocrx_word' id='word_1_124' title='bbox 662 1671 739 1753; x_wconf 82' lang='lat' dir='ltr'>quia</span> <span class='ocrx_word' id='word_1_125' title='bbox 755 1679 923 1750; x_wconf 85' lang='lat' dir='ltr'>peccatum</span> <span class='ocrx_word' id='word_1_126' title='bbox 945 1679 1002 1747; x_wconf 81' lang='lat' dir='ltr'>est,</span> <span class='ocrx_word' id='word_1_127' title='bbox 1026 1669 1087 1732; x_wconf 84' lang='lat' dir='ltr'>sed</span> <span class='ocrx_word' id='word_1_128' title='bbox 1106 1691 1142 1732; x_wconf 78' lang='lat' dir='ltr'>ne</span> <span class='ocrx_word' id='word_1_129' title='bbox 1158 1679 1313 1751; x_wconf 80' lang='lat' dir='ltr'>peccetur.</span> 
     </span>
     <span class='ocr_line' id='line_1_15' title="bbox 105 1775 1316 1858; baseline 0.003 -24"><span class='ocrx_word' id='word_1_130' title='bbox 105 1777 236 1840; x_wconf 84' lang='lat' dir='ltr'>reuocari</span> <span class='ocrx_word' id='word_1_131' title='bbox 255 1777 341 1838; x_wconf 84' lang='lat' dir='ltr'>enim</span> <span class='ocrx_word' id='word_1_132' title='bbox 357 1777 537 1857; x_wconf 73' lang='lat' dir='ltr'>praeterita</span> <span class='ocrx_word' id='word_1_133' title='bbox 561 1797 622 1840; x_wconf 88' lang='lat' dir='ltr'>non</span> <span class='ocrx_word' id='word_1_134' title='bbox 638 1785 784 1857; x_wconf 81' lang='lat' dir='ltr'>possunt,</span> <span class='ocrx_word' id='word_1_135' title='bbox 800 1777 922 1854; x_wconf 86' lang='lat' dir='ltr'>futura</span> <span class='ocrx_word' id='word_1_136' title='bbox 939 1775 1159 1857; x_wconf 80' lang='lat' dir='ltr'>prohibentur.</span> <span class='ocrx_word' id='word_1_137' title='bbox 1188 1786 1220 1840; x_wconf 90' lang='lat' dir='ltr'>et</span> <span class='ocrx_word' id='word_1_138' title='bbox 1236 1797 1316 1858; x_wconf 90' lang='lat' dir='ltr'>quos</span> 
     </span>
     <span class='ocr_line' id='line_1_16' title="bbox 105 1881 1316 1966; baseline 0.001 -23"><span class='ocrx_word' id='word_1_139' title='bbox 105 1882 178 1946; x_wconf 90' lang='lat' dir='ltr'>uolet</span> <span class='ocrx_word' id='word_1_140' title='bbox 204 1884 360 1965; x_wconf 89' lang='lat' dir='ltr'>nequitiae</span> <span class='ocrx_word' id='word_1_141' title='bbox 390 1883 474 1948; x_wconf 82' lang='lat' dir='ltr'>male</span> <span class='ocrx_word' id='word_1_142' title='bbox 504 1885 646 1948; x_wconf 88' lang='lat' dir='ltr'>cedentis</span> <span class='ocrx_word' id='word_1_143' title='bbox 677 1883 827 1966; x_wconf 87' lang='lat' dir='ltr'>exempla</span> <span class='ocrx_word' id='word_1_144' title='bbox 849 1883 927 1959; x_wconf 86' lang='lat' dir='ltr'>fieri,</span> <span class='ocrx_word' id='word_1_145' title='bbox 959 1881 1065 1966; x_wconf 90' lang='lat' dir='ltr'>palam</span> <span class='ocrx_word' id='word_1_146' title='bbox 1090 1883 1227 1958; x_wconf 91' lang='lat' dir='ltr'>occidet,</span> <span class='ocrx_word' id='word_1_147' title='bbox 1251 1903 1316 1944; x_wconf 92' lang='lat' dir='ltr'>non</span> 
     </span>
     <span class='ocr_line' id='line_1_17' title="bbox 83 1988 1355 2074; baseline 0 -26"><span class='ocrx_word' id='word_1_148' title='bbox 83 1995 212 2052; x_wconf 77' lang='lat' dir='ltr'>ttantum</span> <span class='ocrx_word' id='word_1_149' title='bbox 241 2000 275 2053; x_wconf 94' lang='lat' dir='ltr'>ut</span> <span class='ocrx_word' id='word_1_150' title='bbox 306 1999 437 2072; x_wconf 88' lang='lat' dir='ltr'>pereant</span> <span class='ocrx_word' id='word_1_151' title='bbox 460 1991 533 2074; x_wconf 90' lang='lat' dir='ltr'>ipsi,</span> <span class='ocrx_word' id='word_1_152' title='bbox 564 1990 623 2054; x_wconf 94' lang='lat' dir='ltr'>sed</span> <span class='ocrx_word' id='word_1_153' title='bbox 650 1999 685 2053; x_wconf 90' lang='lat' dir='ltr'>ut</span> <span class='ocrx_word' id='word_1_154' title='bbox 715 1989 792 2052; x_wconf 90' lang='lat' dir='ltr'>alios</span> <span class='ocrx_word' id='word_1_155' title='bbox 816 1991 979 2072; x_wconf 90' lang='lat' dir='ltr'>pereundo</span> <span class='ocrx_word' id='word_1_156' title='bbox 1004 1991 1191 2054; x_wconf 88' lang='lat' dir='ltr'>deterreant.</span> <span class='ocrx_word' id='word_1_157' title='bbox 1237 1988 1316 2051; x_wconf 89' lang='lat' dir='ltr'>haec</span> <span class='ocrx_word' id='word_1_158' title='bbox 1332 2008 1355 2048; x_wconf 82' lang='lat' dir='ltr'>rs</span> 
     </span>
     <span class='ocr_line' id='line_1_18' title="bbox 106 2095 1316 2180; baseline -0.001 -22"><span class='ocrx_word' id='word_1_159' title='bbox 106 2097 144 2158; x_wconf 88' lang='lat' dir='ltr'>cui</span> <span class='ocrx_word' id='word_1_160' title='bbox 177 2097 388 2180; x_wconf 88' lang='lat' dir='ltr'>expendenda</span> <span class='ocrx_word' id='word_1_161' title='bbox 422 2099 678 2178; x_wconf 77' lang='lat' dir='ltr'>aestimandaque</span> <span class='ocrx_word' id='word_1_162' title='bbox 708 2105 793 2172; x_wconf 90' lang='lat' dir='ltr'>sunt,</span> <span class='ocrx_word' id='word_1_163' title='bbox 835 2097 924 2160; x_wconf 88' lang='lat' dir='ltr'>uides</span> <span class='ocrx_word' id='word_1_164' title='bbox 955 2117 1050 2178; x_wconf 90' lang='lat' dir='ltr'>quam</span> <span class='ocrx_word' id='word_1_165' title='bbox 1082 2096 1199 2159; x_wconf 89' lang='lat' dir='ltr'>debeat</span> <span class='ocrx_word' id='word_1_166' title='bbox 1230 2095 1316 2158; x_wconf 92' lang='lat' dir='ltr'>omni</span> 
     </span>
     <span class='ocr_line' id='line_1_19' title="bbox 106 2200 1402 2284; baseline -0.001 -21"><span class='ocrx_word' id='word_1_167' title='bbox 106 2203 327 2284; x_wconf 88' lang='lat' dir='ltr'>perturbatione</span> <span class='ocrx_word' id='word_1_168' title='bbox 350 2202 429 2266; x_wconf 90' lang='lat' dir='ltr'>liber</span> <span class='ocrx_word' id='word_1_169' title='bbox 451 2206 603 2267; x_wconf 89' lang='lat' dir='ltr'>accedere</span> <span class='ocrx_word' id='word_1_170' title='bbox 627 2203 667 2266; x_wconf 92' lang='lat' dir='ltr'>ad</span> <span class='ocrx_word' id='word_1_171' title='bbox 690 2223 758 2266; x_wconf 91' lang='lat' dir='ltr'>rem</span> <span class='ocrx_word' id='word_1_172' title='bbox 781 2223 905 2267; x_wconf 90' lang='lat' dir='ltr'>summa</span> <span class='ocrx_word' id='word_1_173' title='bbox 927 2203 1087 2284; x_wconf 89' lang='lat' dir='ltr'>diligentia</span> <span class='ocrx_word' id='word_1_174' title='bbox 1109 2200 1316 2275; x_wconf 87' lang='lat' dir='ltr'>tractandam,</span> <span class='ocrx_word' id='word_1_175' title='bbox 1400 2235 1402 2240; x_wconf 95' lang='lat'>·</span> 
     </span>
     <span class='ocr_line' id='line_1_20' title="bbox 107 2308 1183 2392; baseline -0.002 -20"><span class='ocrx_word' id='word_1_176' title='bbox 107 2318 285 2390; x_wconf 90' lang='lat' dir='ltr'>potestatem</span> <span class='ocrx_word' id='word_1_177' title='bbox 309 2310 392 2372; x_wconf 90' lang='lat' dir='ltr'>uitae</span> <span class='ocrx_word' id='word_1_178' title='bbox 415 2311 570 2392; x_wconf 87' lang='lat' dir='ltr'>necisque.</span> <span class='ocrx_word' id='word_1_179' title='bbox 618 2309 701 2372; x_wconf 91' lang='lat' dir='ltr'>male</span> <span class='ocrx_word' id='word_1_180' title='bbox 723 2311 803 2372; x_wconf 92' lang='lat' dir='ltr'>irato</span> <span class='ocrx_word' id='word_1_181' title='bbox 827 2308 943 2373; x_wconf 85' lang='lat' dir='ltr'>serrum</span> <span class='ocrx_word' id='word_1_182' title='bbox 967 2309 1183 2372; x_wconf 88' lang='lat' dir='ltr'>committitur.</span> 
     </span>
     <span class='ocr_line' id='line_1_21' title="bbox 84 2413 1316 2497; baseline -0.002 -19"><span class='ocrx_word' id='word_1_183' title='bbox 84 2419 93 2472; x_wconf 86' lang='lat'>1</span> <span class='ocrx_word' id='word_1_184' title='bbox 181 2415 251 2478; x_wconf 91' lang='lat' dir='ltr'>XX.</span> <span class='ocrx_word' id='word_1_185' title='bbox 299 2415 349 2478; x_wconf 93' lang='lat' dir='ltr'>Ne</span> <span class='ocrx_word' id='word_1_186' title='bbox 387 2415 461 2478; x_wconf 93' lang='lat' dir='ltr'>illud</span> <span class='ocrx_word' id='word_1_187' title='bbox 499 2417 627 2497; x_wconf 90' lang='lat' dir='ltr'>quidem</span> <span class='ocrx_word' id='word_1_188' title='bbox 666 2416 868 2478; x_wconf 92' lang='lat' dir='ltr'>iudicandum</span> <span class='ocrx_word' id='word_1_189' title='bbox 906 2425 967 2491; x_wconf 90' lang='lat' dir='ltr'>est,</span> <span class='ocrx_word' id='word_1_190' title='bbox 1005 2413 1121 2496; x_wconf 90' lang='lat' dir='ltr'>aliquid</span> <span class='ocrx_word' id='word_1_191' title='bbox 1159 2415 1245 2476; x_wconf 88' lang='lat' dir='ltr'>iram·</span> <span class='ocrx_word' id='word_1_192' title='bbox 1275 2414 1316 2476; x_wconf 91' lang='lat' dir='ltr'>ad</span> 
     </span>
     <span class='ocr_line' id='line_1_22' title="bbox 108 2519 1358 2604; baseline -0.004 -22"><span class='ocrx_word' id='word_1_193' title='bbox 108 2524 342 2604; x_wconf 90' lang='lat' dir='ltr'>magnitudinem</span> <span class='ocrx_word' id='word_1_194' title='bbox 365 2523 459 2584; x_wconf 88' lang='lat' dir='ltr'>animi</span> <span class='ocrx_word' id='word_1_195' title='bbox 483 2521 634 2586; x_wconf 78' lang='lat' dir='ltr'>conferre.</span> <span class='ocrx_word' id='word_1_196' title='bbox 666 2543 731 2585; x_wconf 92' lang='lat' dir='ltr'>non</span> <span class='ocrx_word' id='word_1_197' title='bbox 755 2531 804 2584; x_wconf 91' lang='lat' dir='ltr'>est</span> <span class='ocrx_word' id='word_1_198' title='bbox 819 2521 902 2584; x_wconf 91' lang='lat' dir='ltr'>enim</span> <span class='ocrx_word' id='word_1_199' title='bbox 919 2519 970 2584; x_wconf 89' lang='lat' dir='ltr'>illa</span> <span class='ocrx_word' id='word_1_200' title='bbox 993 2521 1189 2604; x_wconf 84' lang='lat' dir='ltr'>magnitudo,</span> <span class='ocrx_word' id='word_1_201' title='bbox 1212 2527 1319 2582; x_wconf 90' lang='lat' dir='ltr'>tumor</span> <span class='ocrx_word' id='word_1_202' title='bbox 1333 2537 1358 2578; x_wconf 83' lang='lat' dir='ltr'>ao</span> 
     </span>
     <span class='ocr_line' id='line_1_23' title="bbox 108 2610 1380 2712; baseline -0.002 -24"><span class='ocrx_word' id='word_1_203' title='bbox 108 2637 153 2690; x_wconf 90' lang='lat' dir='ltr'>est.</span> <span class='ocrx_word' id='word_1_204' title='bbox 194 2649 251 2692; x_wconf 92' lang='lat' dir='ltr'>nec</span> <span class='ocrx_word' id='word_1_205' title='bbox 282 2628 468 2712; x_wconf 89' lang='lat' dir='ltr'>corporibus</span> <span class='ocrx_word' id='word_1_206' title='bbox 499 2629 591 2712; x_wconf 90' lang='lat' dir='ltr'>copia</span> <span class='ocrx_word' id='word_1_207' title='bbox 621 2629 722 2692; x_wconf 93' lang='lat' dir='ltr'>uitiosi</span> <span class='ocrx_word' id='word_1_208' title='bbox 753 2610 882 2692; x_wconf 56' lang='lat' dir='ltr'>umoris’</span> <span class='ocrx_word' id='word_1_209' title='bbox 902 2629 1027 2690; x_wconf 90' lang='lat' dir='ltr'>intentis</span> <span class='ocrx_word' id='word_1_210' title='bbox 1059 2627 1190 2690; x_wconf 92' lang='lat' dir='ltr'>morbus</span> <span class='ocrx_word' id='word_1_211' title='bbox 1222 2626 1319 2688; x_wconf 90' lang='lat' dir='ltr'>incre·</span> <span class='ocrx_word' id='word_1_212' title='bbox 1375 2687 1380 2696; x_wconf 75' lang='grc'><strong>,</strong></span> 
     </span>
     <span class='ocr_line' id='line_1_24' title="bbox 82 2732 1320 2818; baseline -0.001 -23"><span class='ocrx_word' id='word_1_213' title='bbox 82 2735 233 2798; x_wconf 71' lang='lat' dir='ltr'>lmentum</span> <span class='ocrx_word' id='word_1_214' title='bbox 257 2746 315 2811; x_wconf 88' lang='lat' dir='ltr'>est,</span> <span class='ocrx_word' id='word_1_215' title='bbox 339 2737 396 2798; x_wconf 93' lang='lat' dir='ltr'>sed</span> <span class='ocrx_word' id='word_1_216' title='bbox 420 2735 567 2818; x_wconf 89' lang='lat' dir='ltr'>pestilens</span> <span class='ocrx_word' id='word_1_217' title='bbox 591 2734 795 2800; x_wconf 88' lang='lat' dir='ltr'>abundantia.</span> <span class='ocrx_word' id='word_1_218' title='bbox 840 2755 951 2798; x_wconf 91' lang='lat' dir='ltr'>omnes</span> <span class='ocrx_word' id='word_1_219' title='bbox 968 2754 1048 2816; x_wconf 91' lang='lat' dir='ltr'>quos</span> <span class='ocrx_word' id='word_1_220' title='bbox 1064 2753 1176 2796; x_wconf 88' lang='lat' dir='ltr'>uecors</span> <span class='ocrx_word' id='word_1_221' title='bbox 1198 2732 1320 2794; x_wconf 92' lang='lat' dir='ltr'>animus</span> 
     </span>
     <span class='ocr_line' id='line_1_25' title="bbox 108 2836 1320 2924; baseline 0 -24"><span class='ocrx_word' id='word_1_222' title='bbox 108 2859 188 2922; x_wconf 91' lang='lat' dir='ltr'>supra</span> <span class='ocrx_word' id='word_1_223' title='bbox 217 2843 425 2924; x_wconf 89' lang='lat' dir='ltr'>cogitationes</span> <span class='ocrx_word' id='word_1_224' title='bbox 456 2839 581 2903; x_wconf 90' lang='lat' dir='ltr'>extollit</span> <span class='ocrx_word' id='word_1_225' title='bbox 614 2841 783 2916; x_wconf 78' lang='lat' dir='ltr'>humanae,</span> <span class='ocrx_word' id='word_1_226' title='bbox 816 2839 915 2902; x_wconf 90' lang='lat' dir='ltr'>altum</span> <span class='ocrx_word' id='word_1_227' title='bbox 943 2840 1096 2921; x_wconf 87' lang='lat' dir='ltr'>quiddam</span> <span class='ocrx_word' id='word_1_228' title='bbox 1128 2847 1160 2900; x_wconf 92' lang='lat' dir='ltr'>et</span> <span class='ocrx_word' id='word_1_229' title='bbox 1188 2836 1320 2900; x_wconf 93' lang='lat' dir='ltr'>sublime</span> 
     </span>
     <span class='ocr_line' id='line_1_26' title="bbox 108 2945 1320 3026; baseline 0.002 -22"><span class='ocrx_word' id='word_1_230' title='bbox 108 2946 209 3026; x_wconf 89' lang='lat' dir='ltr'>spirare</span> <span class='ocrx_word' id='word_1_231' title='bbox 232 2968 267 3010; x_wconf 90' lang='lat' dir='ltr'>se</span> <span class='ocrx_word' id='word_1_232' title='bbox 291 2948 445 3010; x_wconf 90' lang='lat' dir='ltr'>credunt:</span> <span class='ocrx_word' id='word_1_233' title='bbox 471 2955 612 3010; x_wconf 91' lang='lat' dir='ltr'>ceterum</span> <span class='ocrx_word' id='word_1_234' title='bbox 636 2945 677 3008; x_wconf 92' lang='lat' dir='ltr'>nil</span> <span class='ocrx_word' id='word_1_235' title='bbox 701 2945 792 3008; x_wconf 91' lang='lat' dir='ltr'>solidi</span> <span class='ocrx_word' id='word_1_236' title='bbox 815 2946 932 3021; x_wconf 81' lang='lat' dir='ltr'>subest,</span> <span class='ocrx_word' id='word_1_237' title='bbox 955 2946 1060 3009; x_wconf 92' lang='lat' dir='ltr'>sedin</span> <span class='ocrx_word' id='word_1_238' title='bbox 1084 2945 1203 3008; x_wconf 88' lang='lat' dir='ltr'>ruinam</span> <span class='ocrx_word' id='word_1_239' title='bbox 1220 2963 1320 3026; x_wconf 91' lang='lat' dir='ltr'>prona</span> 
     </span>
     <span class='ocr_line' id='line_1_27' title="bbox 108 3051 1359 3152; baseline -0.003 -40"><span class='ocrx_word' id='word_1_240' title='bbox 108 3061 176 3128; x_wconf 92' lang='lat' dir='ltr'>sunt,</span> <span class='ocrx_word' id='word_1_241' title='bbox 197 3073 277 3135; x_wconf 89' lang='lat' dir='ltr'>quae</span> <span class='ocrx_word' id='word_1_242' title='bbox 301 3054 368 3116; x_wconf 91' lang='lat' dir='ltr'>sine</span> <span class='ocrx_word' id='word_1_243' title='bbox 391 3052 604 3116; x_wconf 85' lang='lat' dir='ltr'>fundamentis</span> <span class='ocrx_word' id='word_1_244' title='bbox 632 3073 767 3116; x_wconf 89' lang='lat' dir='ltr'>creuere.</span> <span class='ocrx_word' id='word_1_245' title='bbox 815 3073 879 3115; x_wconf 90' lang='lat' dir='ltr'>non</span> <span class='ocrx_word' id='word_1_246' title='bbox 907 3052 1005 3152; x_wconf 70' lang='lat' dir='ltr'>bpbet</span> <span class='ocrx_word' id='word_1_247' title='bbox 1035 3051 1080 3115; x_wconf 87' lang='lat' dir='ltr'>ira</span> <span class='ocrx_word' id='word_1_248' title='bbox 1111 3051 1159 3114; x_wconf 92' lang='lat' dir='ltr'>cui</span> <span class='ocrx_word' id='word_1_249' title='bbox 1189 3051 1319 3114; x_wconf 84' lang='lat' dir='ltr'>insistat.</span> <span class='ocrx_word' id='word_1_250' title='bbox 1333 3068 1359 3109; x_wconf 82' lang='lat' dir='ltr'>os</span> 
     </span>
     <span class='ocr_line' id='line_1_28' title="bbox 109 3159 1320 3241; baseline 0 -23"><span class='ocrx_word' id='word_1_251' title='bbox 109 3176 162 3220; x_wconf 92' lang='lat' dir='ltr'>non</span> <span class='ocrx_word' id='word_1_252' title='bbox 183 3179 222 3222; x_wconf 87' lang='lat' dir='ltr'>ex</span> <span class='ocrx_word' id='word_1_253' title='bbox 246 3159 339 3222; x_wconf 87' lang='lat' dir='ltr'>firmo</span> <span class='ocrx_word' id='word_1_254' title='bbox 364 3179 573 3241; x_wconf 90' lang='lat' dir='ltr'>mansuroque</span> <span class='ocrx_word' id='word_1_255' title='bbox 597 3160 703 3234; x_wconf 91' lang='lat' dir='ltr'>oritur,</span> <span class='ocrx_word' id='word_1_256' title='bbox 726 3161 784 3222; x_wconf 81' lang='lat' dir='ltr'>sed</span> <span class='ocrx_word' id='word_1_257' title='bbox 801 3167 934 3222; x_wconf 89' lang='lat' dir='ltr'>uentosa</span> <span class='ocrx_word' id='word_1_258' title='bbox 950 3167 982 3220; x_wconf 91' lang='lat' dir='ltr'>et</span> <span class='ocrx_word' id='word_1_259' title='bbox 998 3159 1095 3220; x_wconf 88' lang='lat' dir='ltr'>inanis</span> <span class='ocrx_word' id='word_1_260' title='bbox 1112 3165 1159 3220; x_wconf 89' lang='lat' dir='ltr'>est</span> <span class='ocrx_word' id='word_1_261' title='bbox 1182 3165 1320 3219; x_wconf 87' lang='lat' dir='ltr'>tantum·</span> 
     </span>
     <span class='ocr_line' id='line_1_29' title="bbox 109 3264 1321 3347; baseline -0.002 -21"><span class='ocrx_word' id='word_1_262' title='bbox 109 3283 160 3344; x_wconf 92' lang='lat' dir='ltr'>que</span> <span class='ocrx_word' id='word_1_263' title='bbox 180 3265 268 3328; x_wconf 90' lang='lat' dir='ltr'>abest</span> <span class='ocrx_word' id='word_1_264' title='bbox 291 3286 310 3327; x_wconf 91' lang='lat' dir='ltr'>a</span> <span class='ocrx_word' id='word_1_265' title='bbox 334 3265 550 3347; x_wconf 87' lang='lat' dir='ltr'>magnitudine</span> <span class='ocrx_word' id='word_1_266' title='bbox 574 3267 684 3340; x_wconf 91' lang='lat' dir='ltr'>animi,</span> <span class='ocrx_word' id='word_1_267' title='bbox 716 3273 869 3346; x_wconf 90' lang='lat' dir='ltr'>quantum</span> <span class='ocrx_word' id='word_1_268' title='bbox 891 3286 912 3326; x_wconf 89' lang='lat' dir='ltr'>a</span> <span class='ocrx_word' id='word_1_269' title='bbox 935 3265 1116 3328; x_wconf 81' lang='lat' dir='ltr'>fortitudine</span> <span class='ocrx_word' id='word_1_270' title='bbox 1140 3264 1278 3337; x_wconf 88' lang='lat' dir='ltr'>audacia,</span> <span class='ocrx_word' id='word_1_271' title='bbox 1303 3282 1321 3324; x_wconf 92' lang='lat' dir='ltr'>a</span> 
     </span>
     <span class='ocr_line' id='line_1_30' title="bbox 108 3367 1321 3446; baseline 0.002 -17"><span class='ocrx_word' id='word_1_272' title='bbox 108 3367 207 3434; x_wconf 85' lang='lat' dir='ltr'>fiducia</span> <span class='ocrx_word' id='word_1_273' title='bbox 235 3371 415 3446; x_wconf 88' lang='lat' dir='ltr'>insolentia,</span> <span class='ocrx_word' id='word_1_274' title='bbox 446 3371 487 3434; x_wconf 91' lang='lat' dir='ltr'>ab</span> <span class='ocrx_word' id='word_1_275' title='bbox 518 3373 701 3434; x_wconf 88' lang='lat' dir='ltr'>austeritate</span> <span class='ocrx_word' id='word_1_276' title='bbox 723 3372 864 3445; x_wconf 89' lang='lat' dir='ltr'>tristitia,</span> <span class='ocrx_word' id='word_1_277' title='bbox 903 3371 1113 3432; x_wconf 87' lang='lat' dir='ltr'>aseueritate</span> <span class='ocrx_word' id='word_1_278' title='bbox 1144 3369 1321 3432; x_wconf 88' lang='lat' dir='ltr'>crudelitas.</span> 
     </span>
     <span class='ocr_line' id='line_1_31' title="bbox 84 3475 1320 3558; baseline 0 -22"><span class='ocrx_word' id='word_1_279' title='bbox 84 3476 242 3554; x_wconf 77' lang='lat' dir='ltr'>imultum,</span> <span class='ocrx_word' id='word_1_280' title='bbox 274 3478 419 3558; x_wconf 89' lang='lat' dir='ltr'>inquam,</span> <span class='ocrx_word' id='word_1_281' title='bbox 450 3478 578 3540; x_wconf 86' lang='lat' dir='ltr'>interest</span> <span class='ocrx_word' id='word_1_282' title='bbox 608 3478 688 3539; x_wconf 90' lang='lat' dir='ltr'>inter</span> <span class='ocrx_word' id='word_1_283' title='bbox 719 3477 886 3540; x_wconf 91' lang='lat' dir='ltr'>sublimem</span> <span class='ocrx_word' id='word_1_284' title='bbox 918 3477 1056 3538; x_wconf 91' lang='lat' dir='ltr'>animum</span> <span class='ocrx_word' id='word_1_285' title='bbox 1086 3484 1118 3538; x_wconf 88' lang='lat' dir='ltr'>et</span> <span class='ocrx_word' id='word_1_286' title='bbox 1140 3475 1320 3558; x_wconf 88' lang='lat' dir='ltr'>superbum.</span> 
     </span>
     <span class='ocr_line' id='line_1_32' title="bbox 108 3581 1361 3666; baseline 0.001 -25"><span class='ocrx_word' id='word_1_287' title='bbox 108 3582 250 3647; x_wconf 88' lang='lat' dir='ltr'>iracundia</span> <span class='ocrx_word' id='word_1_288' title='bbox 273 3583 347 3647; x_wconf 92' lang='lat' dir='ltr'>nihil</span> <span class='ocrx_word' id='word_1_289' title='bbox 371 3583 513 3666; x_wconf 91' lang='lat' dir='ltr'>amplum</span> <span class='ocrx_word' id='word_1_290' title='bbox 537 3585 753 3664; x_wconf 91' lang='lat' dir='ltr'>decorumque</span> <span class='ocrx_word' id='word_1_291' title='bbox 777 3582 911 3645; x_wconf 88' lang='lat' dir='ltr'>molitur.</span> <span class='ocrx_word' id='word_1_292' title='bbox 958 3593 1068 3645; x_wconf 88' lang='lat' dir='ltr'>eontra</span> <span class='ocrx_word' id='word_1_293' title='bbox 1100 3581 1174 3644; x_wconf 93' lang='lat' dir='ltr'>mihi</span> <span class='ocrx_word' id='word_1_294' title='bbox 1198 3582 1321 3644; x_wconf 92' lang='lat' dir='ltr'>uidetur</span> <span class='ocrx_word' id='word_1_295' title='bbox 1335 3611 1361 3652; x_wconf 69' lang='lat'>30</span> 
     </span>
     <span class='ocr_line' id='line_1_33' title="bbox 109 3686 1319 3770; baseline -0.001 -22"><span class='ocrx_word' id='word_1_296' title='bbox 109 3691 250 3752; x_wconf 90' lang='lat' dir='ltr'>ueternosi</span> <span class='ocrx_word' id='word_1_297' title='bbox 274 3699 305 3752; x_wconf 90' lang='lat' dir='ltr'>et</span> <span class='ocrx_word' id='word_1_298' title='bbox 329 3688 454 3752; x_wconf 84' lang='lat' dir='ltr'>infelicis</span> <span class='ocrx_word' id='word_1_299' title='bbox 478 3690 580 3764; x_wconf 88' lang='lat' dir='ltr'>animi,</span> <span class='ocrx_word' id='word_1_300' title='bbox 604 3689 823 3752; x_wconf 89' lang='lat' dir='ltr'>imbecillitatis</span> <span class='ocrx_word' id='word_1_301' title='bbox 846 3688 905 3750; x_wconf 90' lang='lat' dir='ltr'>sibi</span> <span class='ocrx_word' id='word_1_302' title='bbox 929 3689 1057 3764; x_wconf 89' lang='lat' dir='ltr'>conscii,</span> <span class='ocrx_word' id='word_1_303' title='bbox 1082 3707 1178 3770; x_wconf 88' lang='lat' dir='ltr'>saepe</span> <span class='ocrx_word' id='word_1_304' title='bbox 1200 3686 1319 3750; x_wconf 91' lang='lat' dir='ltr'>indole-</span> 
     </span>
     <span class='ocr_line' id='line_1_34' title="bbox 110 3793 1321 3880; baseline -0.001 -26"><span class='ocrx_word' id='word_1_305' title='bbox 110 3813 192 3873; x_wconf 89' lang='lat' dir='ltr'>scere,</span> <span class='ocrx_word' id='word_1_306' title='bbox 214 3806 246 3859; x_wconf 96' lang='lat' dir='ltr'>ut</span> <span class='ocrx_word' id='word_1_307' title='bbox 270 3795 452 3860; x_wconf 90' lang='lat' dir='ltr'>exulcerata</span> <span class='ocrx_word' id='word_1_308' title='bbox 475 3804 507 3857; x_wconf 89' lang='lat' dir='ltr'>et</span> <span class='ocrx_word' id='word_1_309' title='bbox 531 3815 628 3878; x_wconf 88' lang='lat' dir='ltr'>aegra</span> <span class='ocrx_word' id='word_1_310' title='bbox 661 3815 811 3880; x_wconf 88' lang='lat' dir='ltr'>corpora,</span> <span class='ocrx_word' id='word_1_311' title='bbox 843 3815 924 3875; x_wconf 91' lang='lat' dir='ltr'>quae</span> <span class='ocrx_word' id='word_1_312' title='bbox 956 3796 997 3857; x_wconf 90' lang='lat' dir='ltr'>ad</span> <span class='ocrx_word' id='word_1_313' title='bbox 1021 3803 1123 3858; x_wconf 89' lang='lat' dir='ltr'>tactus</span> <span class='ocrx_word' id='word_1_314' title='bbox 1147 3793 1321 3856; x_wconf 89' lang='lat' dir='ltr'>leuissimos</span> 
     </span>
    </p>
   </div>
   <div class='ocr_carea' id='block_1_3' title="bbox 113 3925 307 3938">
    <p class='ocr_par' dir='ltr' id='par_1_3' title="bbox 113 3925 307 3938">
     <span class='ocr_line' id='line_1_35' title="bbox 113 3925 307 3938; baseline 0 0"><span class='ocrx_word' id='word_1_315' title='bbox 113 3925 307 3938; x_wconf 36' lang='lat'>5——</span> 
     </span>
    </p>
   </div>
   <div class='ocr_carea' id='block_1_4' title="bbox 114 3965 1322 4504">
    <p class='ocr_par' dir='ltr' id='par_1_4' title="bbox 166 3965 1321 4075">
     <span class='ocr_line' id='line_1_36' title="bbox 166 3965 1321 4075; baseline -0.003 -17"><span class='ocrx_word' id='word_1_316' title='bbox 166 4007 196 4060; x_wconf 78' lang='lat'>19</span> <span class='ocrx_word' id='word_1_317' title='bbox 214 4009 280 4074; x_wconf 82' lang='lat' dir='ltr'>aliqd</span> <span class='ocrx_word' id='word_1_318' title='bbox 305 4008 333 4075; x_wconf 79' lang='lat' dir='ltr'>(tl</span> <span class='ocrx_word' id='word_1_319' title='bbox 347 4023 419 4061; x_wconf 81' lang='lat' dir='ltr'>corr.</span> <span class='ocrx_word' id='word_1_320' title='bbox 433 4022 471 4060; x_wconf 77' lang='lat' dir='ltr'>ex</span> <span class='ocrx_word' id='word_1_321' title='bbox 484 4009 502 4071; x_wconf 85' lang='lat' dir='ltr'>t)</span> <span class='ocrx_word' id='word_1_322' title='bbox 570 4008 600 4060; x_wconf 74' lang='lat'>‘21</span> <span class='ocrx_word' id='word_1_323' title='bbox 623 3965 771 4058; x_wconf 56' lang='lat' dir='ltr'>uitioslubris</span> <span class='ocrx_word' id='word_1_324' title='bbox 841 4005 875 4058; x_wconf 59' lang='lat'>25)</span> <span class='ocrx_word' id='word_1_325' title='bbox 896 4007 931 4055; x_wconf 83' lang='lat' dir='ltr'>ira</span> <span class='ocrx_word' id='word_1_326' title='bbox 952 4005 1104 4072; x_wconf 70' lang='lat' dir='ltr'>(triturae.)</span> <span class='ocrx_word' id='word_1_327' title='bbox 1172 4003 1205 4057; x_wconf 81' lang='grc'>27</span> <span class='ocrx_word' id='word_1_328' title='bbox 1224 4006 1321 4068; x_wconf 63' lang='lat' dir='ltr'>quatu</span> 
     </span>
    </p>

    <p class='ocr_par' dir='ltr' id='par_1_5' title="bbox 114 4089 1322 4504">
     <span class='ocr_line' id='line_1_37' title="bbox 182 4089 1320 4164; baseline -0.005 -18"><span class='ocrx_word' id='word_1_329' title='bbox 182 4093 213 4146; x_wconf 62' lang='lat'>28</span> <span class='ocrx_word' id='word_1_330' title='bbox 231 4096 378 4164; x_wconf 81' lang='lat' dir='ltr'>austeritate]</span> <span class='ocrx_word' id='word_1_331' title='bbox 400 4100 545 4146; x_wconf 80' lang='lat' dir='ltr'>auctoritate</span> <span class='ocrx_word' id='word_1_332' title='bbox 564 4093 691 4150; x_wconf 78' lang='lat' dir='ltr'>Muretus</span> <span class='ocrx_word' id='word_1_333' title='bbox 709 4095 746 4162; x_wconf 81' lang='lat' dir='ltr'>(et</span> <span class='ocrx_word' id='word_1_334' title='bbox 760 4094 906 4164; x_wconf 82' lang='lat' dir='ltr'>proecepit</span> <span class='ocrx_word' id='word_1_335' title='bbox 924 4092 1106 4164; x_wconf 80' lang='lat' dir='ltr'>Neapolitana</span> <span class='ocrx_word' id='word_1_336' title='bbox 1124 4089 1269 4147; x_wconf 77' lang='lat' dir='ltr'>scribendo</span> <span class='ocrx_word' id='word_1_337' title='bbox 1288 4093 1320 4141; x_wconf 90' lang='lat' dir='ltr'>ab</span> 
     </span>
     <span class='ocr_line' id='line_1_38' title="bbox 114 4179 1322 4254; baseline 0.005 -28"><span class='ocrx_word' id='word_1_338' title='bbox 114 4185 240 4235; x_wconf 81' lang='lat' dir='ltr'>auctoritate</span> <span class='ocrx_word' id='word_1_339' title='bbox 249 4185 398 4252; x_wconf 81' lang='lat' dir='ltr'>crudelitas),</span> <span class='ocrx_word' id='word_1_340' title='bbox 412 4199 483 4254; x_wconf 80' lang='lat' dir='ltr'>quaa</span> <span class='ocrx_word' id='word_1_341' title='bbox 492 4184 647 4239; x_wconf 80' lang='lat' dir='ltr'>coniectura</span> <span class='ocrx_word' id='word_1_342' title='bbox 658 4201 689 4238; x_wconf 82' lang='lat' dir='ltr'>oo</span> <span class='ocrx_word' id='word_1_343' title='bbox 700 4182 852 4254; x_wconf 79' lang='lat' dir='ltr'>speciosior</span> <span class='ocrx_word' id='word_1_344' title='bbox 864 4189 911 4247; x_wconf 82' lang='lat' dir='ltr'>ost,</span> <span class='ocrx_word' id='word_1_345' title='bbox 925 4179 1000 4252; x_wconf 80' lang='lat' dir='ltr'>quod</span> <span class='ocrx_word' id='word_1_346' title='bbox 1009 4181 1086 4254; x_wconf 81' lang='lat' dir='ltr'>opud</span> <span class='ocrx_word' id='word_1_347' title='bbox 1095 4179 1204 4248; x_wconf 78' lang='lat' dir='ltr'>Quintil.</span> <span class='ocrx_word' id='word_1_348' title='bbox 1215 4195 1322 4250; x_wconf 79' lang='lat' dir='ltr'>quoquo</span> 
     </span>
     <span class='ocr_line' id='line_1_39' title="bbox 117 4267 1321 4343; baseline -0.005 -16"><span class='ocrx_word' id='word_1_349' title='bbox 117 4267 151 4327; x_wconf 67' lang='lat'>¹²2</span> <span class='ocrx_word' id='word_1_350' title='bbox 168 4273 189 4332; x_wconf 79' lang='lat'>5,</span> <span class='ocrx_word' id='word_1_351' title='bbox 209 4275 218 4324; x_wconf 92' lang='lat' dir='ltr'>l</span> <span class='ocrx_word' id='word_1_352' title='bbox 238 4269 274 4329; x_wconf 88' lang='lat' dir='ltr'>M.</span> <span class='ocrx_word' id='word_1_353' title='bbox 287 4271 368 4328; x_wconf 73' lang='lat' dir='ltr'>habel</span> <span class='ocrx_word' id='word_1_354' title='bbox 386 4275 521 4335; x_wconf 82' lang='lat' dir='ltr'>austeritas,</span> <span class='ocrx_word' id='word_1_355' title='bbox 541 4272 641 4343; x_wconf 74' lang='lat' dir='ltr'>reliqui</span> <span class='ocrx_word' id='word_1_356' title='bbox 652 4270 733 4326; x_wconf 75' lang='lat' dir='ltr'>codd.</span> <span class='ocrx_word' id='word_1_357' title='bbox 749 4273 895 4330; x_wconf 63' lang='lat' dir='ltr'>auctoritem</span> <span class='ocrx_word' id='word_1_358' title='bbox 917 4269 1090 4324; x_wconf 75' lang='lat' dir='ltr'>nihilominus</span> <span class='ocrx_word' id='word_1_359' title='bbox 1108 4271 1245 4321; x_wconf 87' lang='lat' dir='ltr'>austeritate</span> <span class='ocrx_word' id='word_1_360' title='bbox 1264 4285 1321 4322; x_wconf 86' lang='lat' dir='ltr'>mu-</span> 
     </span>
     <span class='ocr_line' id='line_1_40' title="bbox 118 4354 1322 4426; baseline 0.004 -21"><span class='ocrx_word' id='word_1_361' title='bbox 118 4354 212 4412; x_wconf 82' lang='lat' dir='ltr'>tandum</span> <span class='ocrx_word' id='word_1_362' title='bbox 228 4377 279 4416; x_wconf 80' lang='lat' dir='ltr'>nou</span> <span class='ocrx_word' id='word_1_363' title='bbox 298 4377 378 4425; x_wconf 75' lang='lat' dir='ltr'>esse,¹</span> <span class='ocrx_word' id='word_1_364' title='bbox 397 4359 514 4416; x_wconf 74' lang='lat' dir='ltr'>ostendit</span> <span class='ocrx_word' id='word_1_365' title='bbox 532 4360 602 4416; x_wconf 75' lang='lat' dir='ltr'>idom</span> <span class='ocrx_word' id='word_1_366' title='bbox 623 4359 732 4426; x_wconf 73' lang='lat' dir='ltr'>Quintil.</span> <span class='ocrx_word' id='word_1_367' title='bbox 754 4362 778 4424; x_wconf 81' lang='lat'>2,</span> <span class='ocrx_word' id='word_1_368' title='bbox 798 4363 823 4423; x_wconf 79' lang='lat'>2,</span> <span class='ocrx_word' id='word_1_369' title='bbox 842 4363 857 4412; x_wconf 77' lang='lat'><strong>5</strong></span> <span class='ocrx_word' id='word_1_370' title='bbox 877 4376 927 4410; x_wconf 94' lang='lat' dir='ltr'>non</span> <span class='ocrx_word' id='word_1_371' title='bbox 947 4362 1072 4410; x_wconf 84' lang='lat' dir='ltr'>austeritas</span> <span class='ocrx_word' id='word_1_372' title='bbox 1091 4360 1141 4409; x_wconf 88' lang='lat' dir='ltr'>eius</span> <span class='ocrx_word' id='word_1_373' title='bbox 1159 4358 1246 4420; x_wconf 89' lang='lat' dir='ltr'>tristis,</span> <span class='ocrx_word' id='word_1_374' title='bbox 1271 4374 1322 4410; x_wconf 87' lang='lat' dir='ltr'>non</span> 
     </span>
     <span class='ocr_line' id='line_1_41' title="bbox 115 4443 1138 4504; baseline 0.001 -10"><span class='ocrx_word' id='word_1_375' title='bbox 115 4443 215 4498; x_wconf 88' lang='lat' dir='ltr'>dissoluta</span> <span class='ocrx_word' id='word_1_376' title='bbox 232 4453 260 4501; x_wconf 87' lang='lat' dir='ltr'>sit</span> <span class='ocrx_word' id='word_1_377' title='bbox 278 4453 384 4502; x_wconf 85' lang='lat' dir='ltr'>comitas</span> <span class='ocrx_word' id='word_1_378' title='bbox 474 4451 508 4504; x_wconf 72' lang='lat'>2⁴.)</span> <span class='ocrx_word' id='word_1_379' title='bbox 527 4452 631 4503; x_wconf 83' lang='lat' dir='ltr'>sublime</span> <span class='ocrx_word' id='word_1_380' title='bbox 653 4467 654 4474; x_wconf 54' lang='lat'>¹</span> <span class='ocrx_word' id='word_1_381' title='bbox 721 4450 752 4502; x_wconf 75' lang='lat' dir='ltr'>ill</span> <span class='ocrx_word' id='word_1_382' title='bbox 774 4449 868 4500; x_wconf 88' lang='lat' dir='ltr'>conscii</span> <span class='ocrx_word' id='word_1_383' title='bbox 886 4445 1048 4503; x_wconf 76' lang='lat' dir='ltr'>Pincianus:</span> <span class='ocrx_word' id='word_1_384' title='bbox 1069 4447 1138 4500; x_wconf 67' lang='lat' dir='ltr'>eseia</span> 
     </span>
    </p>
   </div>
   <div class='ocr_carea' id='block_1_5' title="bbox 0 0 1610 5326">
    <p class='ocr_par' dir='ltr' id='par_1_6' title="bbox 0 0 1610 5326">
     <span class='ocr_line' id='line_1_42' title="bbox 0 0 1610 5326; baseline 0 0"><span class='ocrx_word' id='word_1_385' title='bbox 0 0 1610 5326; x_wconf 95' lang='lat' dir='ltr'> </span> 
     </span>
    </p>
   </div>
  </div>
 </body>
</html>
