<?xml version="1.0" encoding="UTF-8"?>
<!DOCTYPE html PUBLIC "-//W3C//DTD XHTML 1.0 Transitional//EN"
    "http://www.w3.org/TR/xhtml1/DTD/xhtml1-transitional.dtd">
<html xmlns="http://www.w3.org/1999/xhtml" xml:lang="en" lang="en">
 <head>
  <title>
</title>
<meta http-equiv="Content-Type" content="text/html;charset=utf-8" />
  <meta name='ocr-system' content='tesseract 3.04.00' />
  <meta name='ocr-capabilities' content='ocr_page ocr_carea ocr_par ocr_line ocrx_word'/>
</head>
<body>
  <div class='ocr_page' id='page_1' title='image "./lannaeisenecaed01vahlgoog_0174.png"; bbox 0 0 3184 5318; ppageno 0'>
   <div class='ocr_carea' id='block_1_1' title="bbox 314 345 1292 412">
    <p class='ocr_par' dir='ltr' id='par_1_1' title="bbox 314 345 1292 412">
     <span class='ocr_line' id='line_1_1' title="bbox 314 345 1292 412; baseline -0.005 -19"><span class='ocrx_word' id='word_1_1' title='bbox 314 351 393 394; x_wconf 77' lang='lat' dir='ltr'>DlAL.</span> <span class='ocrx_word' id='word_1_2' title='bbox 410 351 448 394; x_wconf 82' lang='lat' dir='ltr'>Vl.</span> <span class='ocrx_word' id='word_1_3' title='bbox 477 351 519 392; x_wconf 79' lang='lat' dir='ltr'>AD</span> <span class='ocrx_word' id='word_1_4' title='bbox 534 349 677 392; x_wconf 76' lang='lat' dir='ltr'>MARClAM</span> <span class='ocrx_word' id='word_1_5' title='bbox 694 349 733 392; x_wconf 79' lang='lat' dir='ltr'>DE</span> <span class='ocrx_word' id='word_1_6' title='bbox 748 345 991 392; x_wconf 79' lang='lat' dir='ltr'>CONSOLATlONE.</span> <span class='ocrx_word' id='word_1_7' title='bbox 1022 349 1053 390; x_wconf 75' lang='lat' dir='ltr'>tt.</span> <span class='ocrx_word' id='word_1_8' title='bbox 1233 348 1292 412; x_wconf 76' lang='lat'>¹33</span> 
     </span>
    </p>
   </div>
   <div class='ocr_carea' id='block_1_2' title="bbox 12 490 1341 3034">
    <p class='ocr_par' dir='ltr' id='par_1_2' title="bbox 12 490 1341 3034">
     <span class='ocr_line' id='line_1_2' title="bbox 86 490 1296 582; baseline -0.008 -18"><span class='ocrx_word' id='word_1_9' title='bbox 86 521 127 576; x_wconf 90' lang='lat' dir='ltr'>ea,</span> <span class='ocrx_word' id='word_1_10' title='bbox 154 521 193 562; x_wconf 89' lang='lat' dir='ltr'>ex</span> <span class='ocrx_word' id='word_1_11' title='bbox 226 499 341 582; x_wconf 90' lang='lat' dir='ltr'>quibus</span> <span class='ocrx_word' id='word_1_12' title='bbox 372 497 445 560; x_wconf 91' lang='lat' dir='ltr'>nihil</span> <span class='ocrx_word' id='word_1_13' title='bbox 477 497 582 579; x_wconf 90' lang='lat' dir='ltr'>gaudii</span> <span class='ocrx_word' id='word_1_14' title='bbox 613 495 811 577; x_wconf 83' lang='lat' dir='ltr'>laetitiaeque</span> <span class='ocrx_word' id='word_1_15' title='bbox 841 501 1058 577; x_wconf 89' lang='lat' dir='ltr'>perceperunt.</span> <span class='ocrx_word' id='word_1_16' title='bbox 1104 493 1129 555; x_wconf 93' lang='lat' dir='ltr'>si</span> <span class='ocrx_word' id='word_1_17' title='bbox 1152 490 1296 555; x_wconf 81' lang='lat' dir='ltr'>consessa</span> 
     </span>
     <span class='ocr_line' id='line_1_3' title="bbox 86 598 1296 688; baseline -0.007 -19"><span class='ocrx_word' id='word_1_18' title='bbox 86 607 161 670; x_wconf 87' lang='lat' dir='ltr'>lueris</span> <span class='ocrx_word' id='word_1_19' title='bbox 189 606 370 688; x_wconf 84' lang='lat' dir='ltr'>percepisse</span> <span class='ocrx_word' id='word_1_20' title='bbox 400 625 534 686; x_wconf 85' lang='lat' dir='ltr'>magnas</span> <span class='ocrx_word' id='word_1_21' title='bbox 563 603 756 685; x_wconf 78' lang='lat' dir='ltr'>uoluptateS,</span> <span class='ocrx_word' id='word_1_22' title='bbox 788 611 916 686; x_wconf 84' lang='lat' dir='ltr'>oportet</span> <span class='ocrx_word' id='word_1_23' title='bbox 939 609 971 664; x_wconf 93' lang='lat' dir='ltr'>te</span> <span class='ocrx_word' id='word_1_24' title='bbox 994 620 1057 662; x_wconf 88' lang='lat' dir='ltr'>non</span> <span class='ocrx_word' id='word_1_25' title='bbox 1081 602 1122 662; x_wconf 91' lang='lat' dir='ltr'>de</span> <span class='ocrx_word' id='word_1_26' title='bbox 1146 619 1185 662; x_wconf 93' lang='lat' dir='ltr'>eo</span> <span class='ocrx_word' id='word_1_27' title='bbox 1209 598 1296 680; x_wconf 92' lang='lat' dir='ltr'>quod</span> 
     </span>
     <span class='ocr_line' id='line_1_4' title="bbox 59 707 1295 794; baseline -0.009 -17"><span class='ocrx_word' id='word_1_28' title='bbox 59 716 246 778; x_wconf 78' lang='lat' dir='ltr'>tdetractum</span> <span class='ocrx_word' id='word_1_29' title='bbox 272 721 319 774; x_wconf 87' lang='lat' dir='ltr'>est</span> <span class='ocrx_word' id='word_1_30' title='bbox 343 711 443 794; x_wconf 87' lang='lat' dir='ltr'>queri,</span> <span class='ocrx_word' id='word_1_31' title='bbox 467 711 525 774; x_wconf 91' lang='lat' dir='ltr'>sed</span> <span class='ocrx_word' id='word_1_32' title='bbox 549 711 590 772; x_wconf 92' lang='lat' dir='ltr'>de</span> <span class='ocrx_word' id='word_1_33' title='bbox 613 729 653 772; x_wconf 90' lang='lat' dir='ltr'>eo</span> <span class='ocrx_word' id='word_1_34' title='bbox 676 711 793 790; x_wconf 84' lang='lat' dir='ltr'>gratias</span> <span class='ocrx_word' id='word_1_35' title='bbox 817 729 911 790; x_wconf 90' lang='lat' dir='ltr'>agere</span> <span class='ocrx_word' id='word_1_36' title='bbox 935 708 1022 789; x_wconf 94' lang='lat' dir='ltr'>quod</span> <span class='ocrx_word' id='word_1_37' title='bbox 1045 707 1185 788; x_wconf 87' lang='lat' dir='ltr'>contigit.</span> <span class='ocrx_word' id='word_1_38' title='bbox 1223 723 1295 787; x_wconf 92' lang='lat' dir='ltr'>pro-</span> 
     </span>
     <span class='ocr_line' id='line_1_5' title="bbox 85 812 1295 898; baseline -0.007 -16"><span class='ocrx_word' id='word_1_39' title='bbox 85 829 220 882; x_wconf 91' lang='lat' dir='ltr'>uenerunt</span> <span class='ocrx_word' id='word_1_40' title='bbox 244 820 328 881; x_wconf 90' lang='lat' dir='ltr'>enim</span> <span class='ocrx_word' id='word_1_41' title='bbox 352 819 427 880; x_wconf 88' lang='lat' dir='ltr'>satis</span> <span class='ocrx_word' id='word_1_42' title='bbox 450 817 557 898; x_wconf 84' lang='lat' dir='ltr'>magni</span> <span class='ocrx_word' id='word_1_43' title='bbox 581 815 698 880; x_wconf 84' lang='lat' dir='ltr'>fructus</span> <span class='ocrx_word' id='word_1_44' title='bbox 721 815 867 878; x_wconf 86' lang='lat' dir='ltr'>laborum</span> <span class='ocrx_word' id='word_1_45' title='bbox 891 825 1016 878; x_wconf 90' lang='lat' dir='ltr'>tuorum</span> <span class='ocrx_word' id='word_1_46' title='bbox 1041 833 1083 876; x_wconf 88' lang='lat' dir='ltr'>ex</span> <span class='ocrx_word' id='word_1_47' title='bbox 1099 813 1166 896; x_wconf 90' lang='lat' dir='ltr'>ipsa</span> <span class='ocrx_word' id='word_1_48' title='bbox 1182 812 1295 875; x_wconf 87' lang='lat' dir='ltr'>educa·</span> 
     </span>
     <span class='ocr_line' id='line_1_6' title="bbox 84 916 1324 1006; baseline -0.007 -18"><span class='ocrx_word' id='word_1_49' title='bbox 84 927 162 1002; x_wconf 91' lang='lat' dir='ltr'>tione,</span> <span class='ocrx_word' id='word_1_50' title='bbox 183 926 243 988; x_wconf 91' lang='lat' dir='ltr'>nisi</span> <span class='ocrx_word' id='word_1_51' title='bbox 267 922 349 987; x_wconf 79' lang='lat' dir='ltr'>forte</span> <span class='ocrx_word' id='word_1_52' title='bbox 372 923 412 999; x_wconf 93' lang='lat' dir='ltr'>hi,</span> <span class='ocrx_word' id='word_1_53' title='bbox 436 925 489 1006; x_wconf 91' lang='lat' dir='ltr'>qui</span> <span class='ocrx_word' id='word_1_54' title='bbox 513 922 634 987; x_wconf 88' lang='lat' dir='ltr'>catulos</span> <span class='ocrx_word' id='word_1_55' title='bbox 657 943 795 1004; x_wconf 90' lang='lat' dir='ltr'>auesque</span> <span class='ocrx_word' id='word_1_56' title='bbox 819 932 850 984; x_wconf 92' lang='lat' dir='ltr'>et</span> <span class='ocrx_word' id='word_1_57' title='bbox 871 920 981 985; x_wconf 86' lang='lat' dir='ltr'>friuola</span> <span class='ocrx_word' id='word_1_58' title='bbox 996 921 1173 984; x_wconf 88' lang='lat' dir='ltr'>animorum</span> <span class='ocrx_word' id='word_1_59' title='bbox 1191 916 1324 981; x_wconf 73' lang='lat' dir='ltr'>obice-e</span> 
     </span>
     <span class='ocr_line' id='line_1_7' title="bbox 85 1025 1297 1112; baseline -0.009 -16"><span class='ocrx_word' id='word_1_60' title='bbox 85 1039 210 1096; x_wconf 85' lang='lat' dir='ltr'>tamenta</span> <span class='ocrx_word' id='word_1_61' title='bbox 241 1051 366 1094; x_wconf 87' lang='lat' dir='ltr'>summa</span> <span class='ocrx_word' id='word_1_62' title='bbox 397 1025 557 1112; x_wconf 84' lang='lat' dir='ltr'>diligentia</span> <span class='ocrx_word' id='word_1_63' title='bbox 587 1030 741 1104; x_wconf 88' lang='lat' dir='ltr'>nutriunt,</span> <span class='ocrx_word' id='word_1_64' title='bbox 773 1029 914 1092; x_wconf 84' lang='lat' dir='ltr'>fruuntur</span> <span class='ocrx_word' id='word_1_65' title='bbox 943 1027 1045 1110; x_wconf 89' lang='lat' dir='ltr'>aliqua</span> <span class='ocrx_word' id='word_1_66' title='bbox 1069 1026 1232 1109; x_wconf 89' lang='lat' dir='ltr'>uoluptate</span> <span class='ocrx_word' id='word_1_67' title='bbox 1256 1043 1297 1086; x_wconf 87' lang='lat' dir='ltr'>ex</span> 
     </span>
     <span class='ocr_line' id='line_1_8' title="bbox 84 1135 1298 1220; baseline -0.004 -20"><span class='ocrx_word' id='word_1_68' title='bbox 84 1140 138 1200; x_wconf 91' lang='lat' dir='ltr'>uisu</span> <span class='ocrx_word' id='word_1_69' title='bbox 166 1148 318 1220; x_wconf 86' lang='lat' dir='ltr'>tactuque</span> <span class='ocrx_word' id='word_1_70' title='bbox 347 1147 378 1200; x_wconf 92' lang='lat' dir='ltr'>et</span> <span class='ocrx_word' id='word_1_71' title='bbox 402 1135 519 1200; x_wconf 89' lang='lat' dir='ltr'>blanda</span> <span class='ocrx_word' id='word_1_72' title='bbox 542 1136 723 1199; x_wconf 87' lang='lat' dir='ltr'>adulatione</span> <span class='ocrx_word' id='word_1_73' title='bbox 747 1145 922 1211; x_wconf 87' lang='lat' dir='ltr'>mutorum,</span> <span class='ocrx_word' id='word_1_74' title='bbox 954 1135 1070 1199; x_wconf 91' lang='lat' dir='ltr'>liberos</span> <span class='ocrx_word' id='word_1_75' title='bbox 1093 1135 1298 1198; x_wconf 86' lang='lat' dir='ltr'>nutrientibus</span> 
     </span>
     <span class='ocr_line' id='line_1_9' title="bbox 84 1238 1299 1326; baseline -0.005 -20"><span class='ocrx_word' id='word_1_76' title='bbox 84 1265 137 1306; x_wconf 91' lang='lat' dir='ltr'>non</span> <span class='ocrx_word' id='word_1_77' title='bbox 169 1244 290 1308; x_wconf 81' lang='lat' dir='ltr'>fructus</span> <span class='ocrx_word' id='word_1_78' title='bbox 326 1244 520 1308; x_wconf 88' lang='lat' dir='ltr'>educationis</span> <span class='ocrx_word' id='word_1_79' title='bbox 555 1244 623 1326; x_wconf 87' lang='lat' dir='ltr'>ipsa</span> <span class='ocrx_word' id='word_1_80' title='bbox 653 1243 800 1306; x_wconf 85' lang='lat' dir='ltr'>educatio</span> <span class='ocrx_word' id='word_1_81' title='bbox 832 1252 888 1306; x_wconf 90' lang='lat' dir='ltr'>est.</span> <span class='ocrx_word' id='word_1_82' title='bbox 933 1241 1005 1306; x_wconf 90' lang='lat' dir='ltr'>licet</span> <span class='ocrx_word' id='word_1_83' title='bbox 1034 1244 1140 1324; x_wconf 87' lang='lat' dir='ltr'>itaque</span> <span class='ocrx_word' id='word_1_84' title='bbox 1170 1240 1215 1303; x_wconf 92' lang='lat' dir='ltr'>nil</span> <span class='ocrx_word' id='word_1_85' title='bbox 1241 1238 1299 1302; x_wconf 92' lang='lat' dir='ltr'>tibi</span> 
     </span>
     <span class='ocr_line' id='line_1_10' title="bbox 84 1347 1299 1432; baseline -0.002 -21"><span class='ocrx_word' id='word_1_86' title='bbox 84 1353 221 1428; x_wconf 67' lang='lat' dir='ltr'>industria</span> <span class='ocrx_word' id='word_1_87' title='bbox 246 1351 311 1414; x_wconf 91' lang='lat' dir='ltr'>eius</span> <span class='ocrx_word' id='word_1_88' title='bbox 334 1349 508 1425; x_wconf 86' lang='lat' dir='ltr'>contulerit,</span> <span class='ocrx_word' id='word_1_89' title='bbox 532 1349 606 1412; x_wconf 91' lang='lat' dir='ltr'>nihil</span> <span class='ocrx_word' id='word_1_90' title='bbox 629 1349 790 1432; x_wconf 86' lang='lat' dir='ltr'>diligentia</span> <span class='ocrx_word' id='word_1_91' title='bbox 813 1349 1011 1424; x_wconf 89' lang='lat' dir='ltr'>custodierit,</span> <span class='ocrx_word' id='word_1_92' title='bbox 1035 1347 1108 1412; x_wconf 89' lang='lat' dir='ltr'>nihil</span> <span class='ocrx_word' id='word_1_93' title='bbox 1132 1347 1299 1432; x_wconf 90' lang='lat' dir='ltr'>prudentia</span> 
     </span>
     <span class='ocr_line' id='line_1_11' title="bbox 58 1454 1338 1540; baseline 0 -22"><span class='ocrx_word' id='word_1_94' title='bbox 58 1473 68 1520; x_wconf 72' lang='grc' dir='ltr'>ιι</span> <span class='ocrx_word' id='word_1_95' title='bbox 83 1459 207 1535; x_wconf 87' lang='lat' dir='ltr'>suaserit,</span> <span class='ocrx_word' id='word_1_96' title='bbox 234 1459 337 1540; x_wconf 89' lang='lat' dir='ltr'>ipsum</span> <span class='ocrx_word' id='word_1_97' title='bbox 361 1458 449 1540; x_wconf 91' lang='lat' dir='ltr'>quod</span> <span class='ocrx_word' id='word_1_98' title='bbox 472 1455 617 1530; x_wconf 88' lang='lat' dir='ltr'>habuisti,</span> <span class='ocrx_word' id='word_1_99' title='bbox 641 1457 730 1537; x_wconf 94' lang='lat' dir='ltr'>quod</span> <span class='ocrx_word' id='word_1_100' title='bbox 753 1457 874 1532; x_wconf 87' lang='lat' dir='ltr'>amasti,</span> <span class='ocrx_word' id='word_1_101' title='bbox 898 1454 1015 1520; x_wconf 80' lang='lat' dir='ltr'>fructus</span> <span class='ocrx_word' id='word_1_102' title='bbox 1037 1465 1094 1519; x_wconf 91' lang='lat' dir='ltr'>est.</span> <span class='ocrx_word' id='word_1_103' title='bbox 1140 1465 1173 1519; x_wconf 91' lang='lat' dir='ltr'>at</span> <span class='ocrx_word' id='word_1_104' title='bbox 1197 1456 1300 1537; x_wconf 92' lang='lat' dir='ltr'>potuit</span> <span class='ocrx_word' id='word_1_105' title='bbox 1315 1465 1338 1506; x_wconf 89' lang='lat'>¹⁰</span> 
     </span>
     <span class='ocr_line' id='line_1_12' title="bbox 84 1551 1300 1646; baseline -0.003 -21"><span class='ocrx_word' id='word_1_106' title='bbox 84 1564 192 1646; x_wconf 83' lang='lat' dir='ltr'>longior</span> <span class='ocrx_word' id='word_1_107' title='bbox 224 1583 295 1628; x_wconf 89' lang='lat' dir='ltr'>esse</span> <span class='ocrx_word' id='word_1_108' title='bbox 328 1563 460 1645; x_wconf 78' lang='lat' dir='ltr'>[maiorl.</span> <span class='ocrx_word' id='word_1_109' title='bbox 516 1560 625 1625; x_wconf 91' lang='lat' dir='ltr'>melius</span> <span class='ocrx_word' id='word_1_110' title='bbox 656 1571 764 1625; x_wconf 90' lang='lat' dir='ltr'>tamen</span> <span class='ocrx_word' id='word_1_111' title='bbox 793 1571 900 1626; x_wconf 91' lang='lat' dir='ltr'>tecum</span> <span class='ocrx_word' id='word_1_112' title='bbox 932 1571 1036 1626; x_wconf 89' lang='lat' dir='ltr'>actum</span> <span class='ocrx_word' id='word_1_113' title='bbox 1051 1551 1053 1558; x_wconf 47' lang='lat'><strong>¹</strong></span> <span class='ocrx_word' id='word_1_114' title='bbox 1069 1571 1117 1625; x_wconf 91' lang='lat' dir='ltr'>est</span> <span class='ocrx_word' id='word_1_115' title='bbox 1147 1583 1243 1644; x_wconf 92' lang='lat' dir='ltr'>quam</span> <span class='ocrx_word' id='word_1_116' title='bbox 1275 1561 1300 1622; x_wconf 93' lang='lat' dir='ltr'>si</span> 
     </span>
     <span class='ocr_line' id='line_1_13' title="bbox 84 1667 1300 1752; baseline -0.003 -20"><span class='ocrx_word' id='word_1_117' title='bbox 84 1672 197 1733; x_wconf 90' lang='lat' dir='ltr'>omnino</span> <span class='ocrx_word' id='word_1_118' title='bbox 222 1691 288 1732; x_wconf 90' lang='lat' dir='ltr'>non</span> <span class='ocrx_word' id='word_1_119' title='bbox 312 1670 511 1751; x_wconf 86' lang='lat' dir='ltr'>contigisset,</span> <span class='ocrx_word' id='word_1_120' title='bbox 534 1670 684 1752; x_wconf 86' lang='lat' dir='ltr'>quoniam</span> <span class='ocrx_word' id='word_1_121' title='bbox 708 1669 733 1732; x_wconf 90' lang='lat' dir='ltr'>si</span> <span class='ocrx_word' id='word_1_122' title='bbox 756 1677 892 1752; x_wconf 91' lang='lat' dir='ltr'>ponatur</span> <span class='ocrx_word' id='word_1_123' title='bbox 916 1668 1044 1746; x_wconf 90' lang='lat' dir='ltr'>electio,</span> <span class='ocrx_word' id='word_1_124' title='bbox 1076 1667 1180 1734; x_wconf 83' lang='lat' dir='ltr'>utrum</span> <span class='ocrx_word' id='word_1_125' title='bbox 1204 1668 1300 1730; x_wconf 90' lang='lat' dir='ltr'>satius</span> 
     </span>
     <span class='ocr_line' id='line_1_14' title="bbox 12 1773 1300 1857; baseline -0.002 -19"><span class='ocrx_word' id='word_1_126' title='bbox 12 1775 14 1790; x_wconf 86' lang='lat'><em>&#39;</em></span> <span class='ocrx_word' id='word_1_127' title='bbox 84 1777 195 1840; x_wconf 90' lang='lat' dir='ltr'>sitnon</span> <span class='ocrx_word' id='word_1_128' title='bbox 220 1779 274 1840; x_wconf 92' lang='lat' dir='ltr'>diu</span> <span class='ocrx_word' id='word_1_129' title='bbox 299 1776 420 1840; x_wconf 79' lang='lat' dir='ltr'>felicem</span> <span class='ocrx_word' id='word_1_130' title='bbox 445 1796 514 1838; x_wconf 92' lang='lat' dir='ltr'>esse</span> <span class='ocrx_word' id='word_1_131' title='bbox 537 1795 578 1838; x_wconf 88' lang='lat' dir='ltr'>an</span> <span class='ocrx_word' id='word_1_132' title='bbox 601 1795 784 1857; x_wconf 90' lang='lat' dir='ltr'>numquam,</span> <span class='ocrx_word' id='word_1_133' title='bbox 809 1774 919 1838; x_wconf 88' lang='lat' dir='ltr'>melius</span> <span class='ocrx_word' id='word_1_134' title='bbox 942 1785 990 1838; x_wconf 89' lang='lat' dir='ltr'>est</span> <span class='ocrx_word' id='word_1_135' title='bbox 1014 1777 1189 1840; x_wconf 89' lang='lat' dir='ltr'>discessura</span> <span class='ocrx_word' id='word_1_136' title='bbox 1208 1773 1300 1837; x_wconf 91' lang='lat' dir='ltr'>nobis</span> 
     </span>
     <span class='ocr_line' id='line_1_15' title="bbox 84 1856 1300 1966; baseline 0 -22"><span class='ocrx_word' id='word_1_137' title='bbox 84 1883 156 1945; x_wconf 87' lang='lat' dir='ltr'>bona</span> <span class='ocrx_word' id='word_1_138' title='bbox 178 1903 276 1966; x_wconf 91' lang='lat' dir='ltr'>quam</span> <span class='ocrx_word' id='word_1_139' title='bbox 301 1883 384 1946; x_wconf 89' lang='lat' dir='ltr'>nulla</span> <span class='ocrx_word' id='word_1_140' title='bbox 407 1883 599 1963; x_wconf 89' lang='lat' dir='ltr'>contingere.</span> <span class='ocrx_word' id='word_1_141' title='bbox 644 1891 790 1946; x_wconf 91' lang='lat' dir='ltr'>utrumne</span> <span class='ocrx_word' id='word_1_142' title='bbox 814 1883 924 1946; x_wconf 88' lang='lat' dir='ltr'>malles</span> <span class='ocrx_word' id='word_1_143' title='bbox 948 1883 1140 1964; x_wconf 85' lang='lat' dir='ltr'>degenerem</span> <span class='ocrx_word' id='word_1_144' title='bbox 1164 1856 1300 1964; x_wconf 63' lang='lat' dir='ltr'>{liquem</span> 
     </span>
     <span class='ocr_line' id='line_1_16' title="bbox 85 1989 1341 2073; baseline 0 -23"><span class='ocrx_word' id='word_1_145' title='bbox 85 1998 111 2050; x_wconf 89' lang='lat' dir='ltr'>et</span> <span class='ocrx_word' id='word_1_146' title='bbox 130 1993 298 2053; x_wconf 89' lang='lat' dir='ltr'>numerum&#39;</span> <span class='ocrx_word' id='word_1_147' title='bbox 318 1998 442 2052; x_wconf 89' lang='lat' dir='ltr'>tantum</span> <span class='ocrx_word' id='word_1_148' title='bbox 466 2009 647 2072; x_wconf 90' lang='lat' dir='ltr'>nomenque</span> <span class='ocrx_word' id='word_1_149' title='bbox 670 1989 722 2052; x_wconf 89' lang='lat' dir='ltr'>lilii</span> <span class='ocrx_word' id='word_1_150' title='bbox 746 1989 946 2073; x_wconf 86' lang='lat' dir='ltr'>expleturum</span> <span class='ocrx_word' id='word_1_151' title='bbox 971 1989 1118 2053; x_wconf 86' lang='lat' dir='ltr'>habuisse</span> <span class='ocrx_word' id='word_1_152' title='bbox 1139 2011 1178 2052; x_wconf 89' lang='lat' dir='ltr'>an</span> <span class='ocrx_word' id='word_1_153' title='bbox 1193 1997 1302 2052; x_wconf 85' lang='lat' dir='ltr'>tantae</span> <span class='ocrx_word' id='word_1_154' title='bbox 1318 2000 1341 2040; x_wconf 74' lang='lat'>¹⁵</span> 
     </span>
     <span class='ocr_line' id='line_1_17' title="bbox 12 2095 1301 2179; baseline 0.001 -22"><span class='ocrx_word' id='word_1_155' title='bbox 12 2165 13 2176; x_wconf 41' lang='lat'>,</span> <span class='ocrx_word' id='word_1_156' title='bbox 84 2095 198 2172; x_wconf 89' lang='lat' dir='ltr'>indolis,</span> <span class='ocrx_word' id='word_1_157' title='bbox 231 2107 369 2179; x_wconf 85' lang='lat' dir='ltr'>quantae</span> <span class='ocrx_word' id='word_1_158' title='bbox 400 2105 472 2160; x_wconf 91' lang='lat' dir='ltr'>tuus</span> <span class='ocrx_word' id='word_1_159' title='bbox 503 2096 579 2160; x_wconf 85' lang='lat' dir='ltr'>luit?</span> <span class='ocrx_word' id='word_1_160' title='bbox 611 2097 730 2160; x_wconf 90' lang='lat' dir='ltr'>iuuenis</span> <span class='ocrx_word' id='word_1_161' title='bbox 754 2097 817 2159; x_wconf 91' lang='lat' dir='ltr'>cito</span> <span class='ocrx_word' id='word_1_162' title='bbox 840 2098 995 2179; x_wconf 91' lang='lat' dir='ltr'>prudens,</span> <span class='ocrx_word' id='word_1_163' title='bbox 1026 2098 1090 2161; x_wconf 90' lang='lat' dir='ltr'>cito</span> <span class='ocrx_word' id='word_1_164' title='bbox 1120 2097 1206 2179; x_wconf 90' lang='lat' dir='ltr'>pius,</span> <span class='ocrx_word' id='word_1_165' title='bbox 1238 2096 1301 2158; x_wconf 89' lang='lat' dir='ltr'>cito</span> 
     </span>
     <span class='ocr_line' id='line_1_18' title="bbox 85 2201 1302 2286; baseline -0.001 -21"><span class='ocrx_word' id='word_1_166' title='bbox 85 2206 208 2280; x_wconf 87' lang='lat' dir='ltr'>maritus,</span> <span class='ocrx_word' id='word_1_167' title='bbox 234 2205 298 2266; x_wconf 92' lang='lat' dir='ltr'>cito</span> <span class='ocrx_word' id='word_1_168' title='bbox 321 2213 420 2286; x_wconf 91' lang='lat' dir='ltr'>pater,</span> <span class='ocrx_word' id='word_1_169' title='bbox 444 2205 508 2266; x_wconf 91' lang='lat' dir='ltr'>cito</span> <span class='ocrx_word' id='word_1_170' title='bbox 532 2205 636 2266; x_wconf 91' lang='lat' dir='ltr'>omnis</span> <span class='ocrx_word' id='word_1_171' title='bbox 652 2201 744 2265; x_wconf 81' lang='lat' dir='ltr'>officii</span> <span class='ocrx_word' id='word_1_172' title='bbox 760 2201 908 2278; x_wconf 84' lang='lat' dir='ltr'>curiosus,</span> <span class='ocrx_word' id='word_1_173' title='bbox 933 2205 996 2266; x_wconf 91' lang='lat' dir='ltr'>cito</span> <span class='ocrx_word' id='word_1_174' title='bbox 1013 2204 1170 2278; x_wconf 86' lang='lat' dir='ltr'>sacerdos,</span> <span class='ocrx_word' id='word_1_175' title='bbox 1195 2203 1302 2264; x_wconf 91' lang='lat' dir='ltr'>omnia</span> 
     </span>
     <span class='ocr_line' id='line_1_19' title="bbox 59 2309 1302 2393; baseline -0.001 -21"><span class='ocrx_word' id='word_1_176' title='bbox 59 2319 140 2372; x_wconf 85' lang='lat' dir='ltr'>llam</span> <span class='ocrx_word' id='word_1_177' title='bbox 157 2310 359 2390; x_wconf 83' lang='lat' dir='ltr'>praestantia</span> <span class='ocrx_word' id='word_1_178' title='bbox 381 2321 477 2392; x_wconf 81' lang='lat' dir='ltr'>quam</span> <span class='ocrx_word' id='word_1_179' title='bbox 501 2329 644 2393; x_wconf 89' lang='lat' dir='ltr'>propera.</span> <span class='ocrx_word' id='word_1_180' title='bbox 677 2309 750 2373; x_wconf 92' lang='lat' dir='ltr'>nulli</span> <span class='ocrx_word' id='word_1_181' title='bbox 772 2309 838 2374; x_wconf 90' lang='lat' dir='ltr'>sere</span> <span class='ocrx_word' id='word_1_182' title='bbox 862 2329 979 2392; x_wconf 89' lang='lat' dir='ltr'>magna</span> <span class='ocrx_word' id='word_1_183' title='bbox 1001 2311 1087 2372; x_wconf 89' lang='lat' dir='ltr'>bona</span> <span class='ocrx_word' id='word_1_184' title='bbox 1109 2319 1141 2372; x_wconf 91' lang='lat' dir='ltr'>et</span> <span class='ocrx_word' id='word_1_185' title='bbox 1156 2311 1302 2372; x_wconf 89' lang='lat' dir='ltr'>diuturna</span> 
     </span>
     <span class='ocr_line' id='line_1_20' title="bbox 85 2415 1297 2500; baseline 0.001 -23"><span class='ocrx_word' id='word_1_186' title='bbox 85 2417 268 2500; x_wconf 82' lang='lat' dir='ltr'>contingunt.</span> <span class='ocrx_word' id='word_1_187' title='bbox 313 2435 377 2478; x_wconf 90' lang='lat' dir='ltr'>non</span> <span class='ocrx_word' id='word_1_188' title='bbox 407 2416 500 2480; x_wconf 86' lang='lat' dir='ltr'>durat</span> <span class='ocrx_word' id='word_1_189' title='bbox 530 2437 589 2480; x_wconf 89' lang='lat' dir='ltr'>nec</span> <span class='ocrx_word' id='word_1_190' title='bbox 619 2418 661 2479; x_wconf 88' lang='lat' dir='ltr'>ad</span> <span class='ocrx_word' id='word_1_191' title='bbox 692 2416 837 2480; x_wconf 91' lang='lat' dir='ltr'>ultimum</span> <span class='ocrx_word' id='word_1_192' title='bbox 869 2418 937 2480; x_wconf 87' lang='lat' dir='ltr'>exit</span> <span class='ocrx_word' id='word_1_193' title='bbox 967 2417 1022 2480; x_wconf 91' lang='lat' dir='ltr'>nisi</span> <span class='ocrx_word' id='word_1_194' title='bbox 1046 2417 1130 2479; x_wconf 90' lang='lat' dir='ltr'>lenta</span> <span class='ocrx_word' id='word_1_195' title='bbox 1152 2415 1297 2480; x_wconf 84' lang='lat' dir='ltr'>felicitas:</span> 
     </span>
     <span class='ocr_line' id='line_1_21' title="bbox 85 2503 1341 2598; baseline 0.003 -16"><span class='ocrx_word' id='word_1_196' title='bbox 85 2522 167 2586; x_wconf 86' lang='lat' dir='ltr'>lilium</span> <span class='ocrx_word' id='word_1_197' title='bbox 198 2523 256 2586; x_wconf 89' lang='lat' dir='ltr'>tibi</span> <span class='ocrx_word' id='word_1_198' title='bbox 289 2523 320 2586; x_wconf 92' lang='lat' dir='ltr'>di</span> <span class='ocrx_word' id='word_1_199' title='bbox 351 2503 534 2586; x_wconf 79' lang='lat' dir='ltr'>inmortales</span> <span class='ocrx_word' id='word_1_200' title='bbox 563 2543 628 2586; x_wconf 91' lang='lat' dir='ltr'>non</span> <span class='ocrx_word' id='word_1_201' title='bbox 660 2525 711 2586; x_wconf 93' lang='lat' dir='ltr'>diu</span> <span class='ocrx_word' id='word_1_202' title='bbox 743 2524 845 2587; x_wconf 90' lang='lat' dir='ltr'>daturi</span> <span class='ocrx_word' id='word_1_203' title='bbox 876 2525 983 2587; x_wconf 89' lang='lat' dir='ltr'>statim</span> <span class='ocrx_word' id='word_1_204' title='bbox 1013 2522 1110 2586; x_wconf 88' lang='lat' dir='ltr'>talem</span> <span class='ocrx_word' id='word_1_205' title='bbox 1135 2524 1300 2598; x_wconf 89' lang='lat' dir='ltr'>dederunt,</span> <span class='ocrx_word' id='word_1_206' title='bbox 1314 2535 1341 2576; x_wconf 79' lang='lat'>²0</span> 
     </span>
     <span class='ocr_line' id='line_1_22' title="bbox 84 2627 1302 2714; baseline 0.002 -24"><span class='ocrx_word' id='word_1_207' title='bbox 84 2629 170 2712; x_wconf 89' lang='lat' dir='ltr'>qualis</span> <span class='ocrx_word' id='word_1_208' title='bbox 201 2631 255 2694; x_wconf 93' lang='lat' dir='ltr'>diu</span> <span class='ocrx_word' id='word_1_209' title='bbox 287 2627 367 2692; x_wconf 84' lang='lat' dir='ltr'>effici</span> <span class='ocrx_word' id='word_1_210' title='bbox 390 2639 505 2712; x_wconf 89' lang='lat' dir='ltr'>potest.</span> <span class='ocrx_word' id='word_1_211' title='bbox 551 2651 592 2694; x_wconf 91' lang='lat' dir='ltr'>ne</span> <span class='ocrx_word' id='word_1_212' title='bbox 615 2629 690 2693; x_wconf 91' lang='lat' dir='ltr'>illud</span> <span class='ocrx_word' id='word_1_213' title='bbox 713 2632 843 2712; x_wconf 92' lang='lat' dir='ltr'>quidem</span> <span class='ocrx_word' id='word_1_214' title='bbox 867 2631 972 2694; x_wconf 89' lang='lat' dir='ltr'>dicere</span> <span class='ocrx_word' id='word_1_215' title='bbox 995 2639 1088 2714; x_wconf 91' lang='lat' dir='ltr'>potes</span> <span class='ocrx_word' id='word_1_216' title='bbox 1112 2630 1245 2694; x_wconf 87' lang='lat' dir='ltr'>electam</span> <span class='ocrx_word' id='word_1_217' title='bbox 1269 2639 1302 2694; x_wconf 92' lang='lat' dir='ltr'>te</span> 
     </span>
     <span class='ocr_line' id='line_1_23' title="bbox 85 2736 1299 2820; baseline 0.002 -23"><span class='ocrx_word' id='word_1_218' title='bbox 85 2738 172 2812; x_wconf 85' lang='lat' dir='ltr'>adis,</span> <span class='ocrx_word' id='word_1_219' title='bbox 194 2737 243 2800; x_wconf 93' lang='lat' dir='ltr'>cui</span> <span class='ocrx_word' id='word_1_220' title='bbox 266 2736 324 2800; x_wconf 85' lang='lat' dir='ltr'>frui</span> <span class='ocrx_word' id='word_1_221' title='bbox 348 2757 412 2800; x_wconf 93' lang='lat' dir='ltr'>non</span> <span class='ocrx_word' id='word_1_222' title='bbox 435 2737 542 2800; x_wconf 92' lang='lat' dir='ltr'>liceret</span> <span class='ocrx_word' id='word_1_223' title='bbox 565 2737 645 2801; x_wconf 85' lang='lat' dir='ltr'>filio:</span> <span class='ocrx_word' id='word_1_224' title='bbox 672 2738 763 2800; x_wconf 90' lang='lat' dir='ltr'>circui</span> <span class='ocrx_word' id='word_1_225' title='bbox 786 2757 843 2820; x_wconf 89' lang='lat' dir='ltr'>per</span> <span class='ocrx_word' id='word_1_226' title='bbox 867 2755 996 2812; x_wconf 59' lang='lat' dir='ltr'>omnen</span> <span class='ocrx_word' id='word_1_227' title='bbox 1021 2747 1187 2813; x_wconf 90' lang='lat' dir='ltr'>notorum,</span> <span class='ocrx_word' id='word_1_228' title='bbox 1210 2738 1299 2820; x_wconf 87' lang='lat' dir='ltr'>igno-</span> 
     </span>
     <span class='ocr_line' id='line_1_24' title="bbox 85 2843 1300 2926; baseline 0 -21"><span class='ocrx_word' id='word_1_229' title='bbox 85 2853 178 2906; x_wconf 88' lang='lat' dir='ltr'>tomm</span> <span class='ocrx_word' id='word_1_230' title='bbox 201 2843 410 2926; x_wconf 81' lang='lat' dir='ltr'>frequentiam</span> <span class='ocrx_word' id='word_1_231' title='bbox 434 2844 539 2920; x_wconf 87' lang='lat' dir='ltr'>oculis,</span> <span class='ocrx_word' id='word_1_232' title='bbox 564 2854 729 2907; x_wconf 91' lang='lat' dir='ltr'>occurrent</span> <span class='ocrx_word' id='word_1_233' title='bbox 752 2844 809 2907; x_wconf 91' lang='lat' dir='ltr'>tibi</span> <span class='ocrx_word' id='word_1_234' title='bbox 832 2845 915 2926; x_wconf 88' lang='lat' dir='ltr'>passi</span> <span class='ocrx_word' id='word_1_235' title='bbox 939 2844 1056 2926; x_wconf 85' lang='lat' dir='ltr'>ubique</span> <span class='ocrx_word' id='word_1_236' title='bbox 1072 2845 1199 2907; x_wconf 82' lang='lat' dir='ltr'>maiora</span> <span class='ocrx_word' id='word_1_237' title='bbox 1230 2863 1300 2906; x_wconf 89' lang='lat' dir='ltr'>sen-</span> 
     </span>
     <span class='ocr_line' id='line_1_25' title="bbox 85 2941 1301 3034; baseline 0.002 -24"><span class='ocrx_word' id='word_1_238' title='bbox 85 2960 179 3014; x_wconf 90' lang='lat' dir='ltr'>serunt</span> <span class='ocrx_word' id='word_1_239' title='bbox 211 2941 271 3013; x_wconf 89' lang='lat' dir='ltr'>ista</span> <span class='ocrx_word' id='word_1_240' title='bbox 300 2952 406 3032; x_wconf 89' lang='lat' dir='ltr'>magni</span> <span class='ocrx_word' id='word_1_241' title='bbox 438 2953 552 3026; x_wconf 89' lang='lat' dir='ltr'>duces,</span> <span class='ocrx_word' id='word_1_242' title='bbox 583 2960 747 3014; x_wconf 91' lang='lat' dir='ltr'>senserunt</span> <span class='ocrx_word' id='word_1_243' title='bbox 780 2953 944 3034; x_wconf 92' lang='lat' dir='ltr'>principes.</span> <span class='ocrx_word' id='word_1_244' title='bbox 990 2971 1030 3012; x_wconf 92' lang='lat' dir='ltr'>ne</span> <span class='ocrx_word' id='word_1_245' title='bbox 1061 2951 1140 3013; x_wconf 88' lang='lat' dir='ltr'>deos</span> <span class='ocrx_word' id='word_1_246' title='bbox 1171 2951 1301 3032; x_wconf 92' lang='lat' dir='ltr'>quidem</span> 
     </span>
    </p>
   </div>
   <div class='ocr_carea' id='block_1_3' title="bbox 91 3111 286 3119">
    <p class='ocr_par' dir='ltr' id='par_1_3' title="bbox 91 3111 286 3119">
     <span class='ocr_line' id='line_1_26' title="bbox 91 3111 286 3119; baseline 0.005 -1"><span class='ocrx_word' id='word_1_247' title='bbox 91 3111 286 3119; x_wconf 77' lang='lat'>-—..-—</span> 
     </span>
    </p>
   </div>
   <div class='ocr_carea' id='block_1_4' title="bbox 84 3205 1302 3453">
    <p class='ocr_par' dir='ltr' id='par_1_4' title="bbox 84 3205 1302 3453">
     <span class='ocr_line' id='line_1_27' title="bbox 88 3205 1301 3278; baseline 0.002 -22"><span class='ocrx_word' id='word_1_248' title='bbox 88 3205 186 3256; x_wconf 88' lang='lat' dir='ltr'>laichil</span> <span class='ocrx_word' id='word_1_249' title='bbox 288 3215 447 3273; x_wconf 89' lang='lat' dir='ltr'>perceperunt</span> <span class='ocrx_word' id='word_1_250' title='bbox 466 3205 589 3278; x_wconf 57' lang='lat' dir='ltr'>Liparas:</span> <span class='ocrx_word' id='word_1_251' title='bbox 610 3213 770 3274; x_wconf 82' lang='lat' dir='ltr'>perceperant</span> <span class='ocrx_word' id='word_1_252' title='bbox 872 3209 938 3262; x_wconf 67' lang='lat' dir='ltr'>‘lte</span> <span class='ocrx_word' id='word_1_253' title='bbox 956 3207 994 3278; x_wconf 80' lang='lat' dir='ltr'>(ia</span> <span class='ocrx_word' id='word_1_254' title='bbox 1013 3206 1081 3277; x_wconf 86' lang='lat' dir='ltr'>ras.)</span> <span class='ocrx_word' id='word_1_255' title='bbox 1156 3207 1301 3261; x_wconf 83' lang='lat' dir='ltr'>·3‹1ee0</span> 
     </span>
     <span class='ocr_line' id='line_1_28' title="bbox 84 3293 1302 3368; baseline 0.002 -24"><span class='ocrx_word' id='word_1_256' title='bbox 84 3297 142 3358; x_wconf 87' lang='lat' dir='ltr'>quod</span> <span class='ocrx_word' id='word_1_257' title='bbox 160 3297 252 3360; x_wconf 76' lang='lat' dir='ltr'>gratias</span> <span class='ocrx_word' id='word_1_258' title='bbox 266 3293 327 3351; x_wconf 78' lang='lat' dir='ltr'>aod.</span> <span class='ocrx_word' id='word_1_259' title='bbox 346 3297 413 3363; x_wconf 90' lang='lat' dir='ltr'>quod</span> <span class='ocrx_word' id='word_1_260' title='bbox 431 3311 469 3350; x_wconf 75' lang='lat' dir='ltr'>ex</span> <span class='ocrx_word' id='word_1_261' title='bbox 487 3295 631 3366; x_wconf 78' lang='lat' dir='ltr'>superiore</span> <span class='ocrx_word' id='word_1_262' title='bbox 649 3297 681 3347; x_wconf 91' lang='lat' dir='ltr'>de</span> <span class='ocrx_word' id='word_1_263' title='bbox 699 3313 729 3348; x_wconf 89' lang='lat' dir='ltr'>eo</span> <span class='ocrx_word' id='word_1_264' title='bbox 749 3298 815 3362; x_wconf 92' lang='lat' dir='ltr'>quod</span> <span class='ocrx_word' id='word_1_265' title='bbox 835 3296 977 3368; x_wconf 83' lang='lat' dir='ltr'>repetitam</span> <span class='ocrx_word' id='word_1_266' title='bbox 996 3312 1047 3351; x_wconf 90' lang='lat' dir='ltr'>om.</span> <span class='ocrx_word' id='word_1_267' title='bbox 1060 3294 1123 3352; x_wconf 80' lang='lat' dir='ltr'>der.</span> <span class='ocrx_word' id='word_1_268' title='bbox 1198 3297 1302 3364; x_wconf 86' lang='lat' dir='ltr'>contigit</span> 
     </span>
     <span class='ocr_line' id='line_1_29' title="bbox 85 3380 1302 3453; baseline 0 -17"><span class='ocrx_word' id='word_1_269' title='bbox 85 3380 183 3440; x_wconf 83' lang='lat' dir='ltr'>Haase:</span> <span class='ocrx_word' id='word_1_270' title='bbox 205 3386 302 3451; x_wconf 83' lang='lat' dir='ltr'>colligit</span> <span class='ocrx_word' id='word_1_271' title='bbox 392 3391 553 3451; x_wconf 85' lang='lat' dir='ltr'>prouenerunt</span> <span class='ocrx_word' id='word_1_272' title='bbox 571 3382 738 3440; x_wconf 80' lang='lat' dir='ltr'>deteriores:</span> <span class='ocrx_word' id='word_1_273' title='bbox 759 3395 919 3452; x_wconf 86' lang='lat' dir='ltr'>peruenerunt</span> <span class='ocrx_word' id='word_1_274' title='bbox 1008 3386 1073 3438; x_wconf 77' lang='lat' dir='ltr'>lex</span> <span class='ocrx_word' id='word_1_275' title='bbox 1090 3388 1144 3453; x_wconf 89' lang='lat' dir='ltr'>ipsa</span> <span class='ocrx_word' id='word_1_276' title='bbox 1156 3387 1302 3437; x_wconf 83' lang='lat' dir='ltr'>educatione</span> 
     </span>
    </p>
   </div>
   <div class='ocr_carea' id='block_1_5' title="bbox 83 3487 1369 4200">
    <p class='ocr_par' dir='ltr' id='par_1_5' title="bbox 83 3487 1369 4200">
     <span class='ocr_line' id='line_1_30' title="bbox 85 3487 1302 3578; baseline 0.002 -20"><span class='ocrx_word' id='word_1_277' title='bbox 85 3505 135 3574; x_wconf 87' lang='lat' dir='ltr'>(ae</span> <span class='ocrx_word' id='word_1_278' title='bbox 152 3508 179 3562; x_wconf 84' lang='lat' dir='ltr'>t&#39;a</span> <span class='ocrx_word' id='word_1_279' title='bbox 198 3511 265 3577; x_wconf 85' lang='lat' dir='ltr'>ras.)</span> <span class='ocrx_word' id='word_1_280' title='bbox 359 3509 419 3563; x_wconf 87' lang='lat' dir='ltr'>5hi</span> <span class='ocrx_word' id='word_1_281' title='bbox 439 3509 477 3578; x_wconf 82' lang='lat' dir='ltr'>(ia</span> <span class='ocrx_word' id='word_1_282' title='bbox 496 3511 564 3576; x_wconf 81' lang='lat' dir='ltr'>ras.)</span> <span class='ocrx_word' id='word_1_283' title='bbox 655 3487 891 3577; x_wconf 72' lang='lat' dir='ltr'>6ex¹¹¹su.taetuq;</span> <span class='ocrx_word' id='word_1_284' title='bbox 908 3513 949 3578; x_wconf 90' lang='lat' dir='ltr'>(.t</span> <span class='ocrx_word' id='word_1_285' title='bbox 966 3511 994 3564; x_wconf 84' lang='lat' dir='ltr'>r&#39;a</span> <span class='ocrx_word' id='word_1_286' title='bbox 1013 3512 1079 3577; x_wconf 79' lang='lat' dir='ltr'>ras.)</span> <span class='ocrx_word' id='word_1_287' title='bbox 1182 3509 1302 3563; x_wconf 74' lang='lat' dir='ltr'>ladula·</span> 
     </span>
     <span class='ocr_line' id='line_1_31' title="bbox 84 3597 1301 3667; baseline 0.005 -22"><span class='ocrx_word' id='word_1_288' title='bbox 84 3597 166 3648; x_wconf 73' lang='lat' dir='ltr'>tiones</span> <span class='ocrx_word' id='word_1_289' title='bbox 268 3597 456 3653; x_wconf 88' lang='lat' dir='ltr'>8educationis</span> <span class='ocrx_word' id='word_1_290' title='bbox 475 3597 615 3654; x_wconf 81' lang='lat' dir='ltr'>Muretus:</span> <span class='ocrx_word' id='word_1_291' title='bbox 637 3601 725 3652; x_wconf 87' lang='lat' dir='ltr'>educat</span> <span class='ocrx_word' id='word_1_292' title='bbox 826 3602 880 3667; x_wconf 88' lang='lat' dir='ltr'>ipsa</span> <span class='ocrx_word' id='word_1_293' title='bbox 900 3601 1014 3652; x_wconf 85' lang='lat' dir='ltr'>educatio</span> <span class='ocrx_word' id='word_1_294' title='bbox 1041 3600 1079 3667; x_wconf 87' lang='lat' dir='ltr'>(sa</span> <span class='ocrx_word' id='word_1_295' title='bbox 1098 3599 1125 3653; x_wconf 81' lang='lat' dir='ltr'>t&#39;a</span> <span class='ocrx_word' id='word_1_296' title='bbox 1145 3615 1200 3654; x_wconf 83' lang='lat' dir='ltr'>ras.</span> <span class='ocrx_word' id='word_1_297' title='bbox 1221 3599 1301 3652; x_wconf 75' lang='lat' dir='ltr'>triam</span> 
     </span>
     <span class='ocr_line' id='line_1_32' title="bbox 83 3681 1302 3763; baseline 0.002 -25"><span class='ocrx_word' id='word_1_298' title='bbox 83 3681 138 3750; x_wconf 78' lang='lat' dir='ltr'>sere</span> <span class='ocrx_word' id='word_1_299' title='bbox 155 3685 317 3752; x_wconf 76' lang='lat' dir='ltr'>litterarum)</span> <span class='ocrx_word' id='word_1_300' title='bbox 408 3687 520 3740; x_wconf 76' lang='lat' dir='ltr'>ilnlchil</span> <span class='ocrx_word' id='word_1_301' title='bbox 601 3689 649 3763; x_wconf 86' lang='grc' dir='ltr'>Ι10</span> <span class='ocrx_word' id='word_1_302' title='bbox 668 3690 770 3740; x_wconf 85' lang='lat' dir='ltr'>suaserit</span> <span class='ocrx_word' id='word_1_303' title='bbox 788 3686 915 3742; x_wconf 77' lang='lat' dir='ltr'>Fickert:</span> <span class='ocrx_word' id='word_1_304' title='bbox 936 3705 979 3740; x_wconf 90' lang='lat' dir='ltr'>sua</span> <span class='ocrx_word' id='word_1_305' title='bbox 1075 3689 1105 3741; x_wconf 89' lang='lat' dir='ltr'>ll</span> <span class='ocrx_word' id='word_1_306' title='bbox 1127 3690 1207 3739; x_wconf 88' lang='lat' dir='ltr'>maior</span> <span class='ocrx_word' id='word_1_307' title='bbox 1226 3687 1302 3741; x_wconf 77' lang='lat' dir='ltr'>anais</span> 
     </span>
     <span class='ocr_line' id='line_1_33' title="bbox 84 3767 1369 3848; baseline 0.002 -22"><span class='ocrx_word' id='word_1_308' title='bbox 84 3771 185 3830; x_wconf 76' lang='lat' dir='ltr'>hclaer&#39;t</span> <span class='ocrx_word' id='word_1_309' title='bbox 198 3775 300 3844; x_wconf 80' lang='lat' dir='ltr'>Haase,</span> <span class='ocrx_word' id='word_1_310' title='bbox 320 3781 401 3840; x_wconf 83' lang='lat' dir='ltr'>reate,</span> <span class='ocrx_word' id='word_1_311' title='bbox 419 3775 523 3846; x_wconf 77' lang='lat' dir='ltr'>siquid</span> <span class='ocrx_word' id='word_1_312' title='bbox 540 3775 628 3842; x_wconf 81' lang='lat' dir='ltr'>uideo,</span> <span class='ocrx_word' id='word_1_313' title='bbox 646 3791 706 3832; x_wconf 82' lang='lat' dir='ltr'>eam</span> <span class='ocrx_word' id='word_1_314' title='bbox 725 3793 775 3832; x_wconf 85' lang='lat' dir='ltr'>aea</span> <span class='ocrx_word' id='word_1_315' title='bbox 787 3776 945 3848; x_wconf 61' lang='lat' dir='ltr'>magnitudo</span> <span class='ocrx_word' id='word_1_316' title='bbox 960 3776 1072 3846; x_wconf 72' lang='lat' dir='ltr'>[laotos</span> <span class='ocrx_word' id='word_1_317' title='bbox 1090 3776 1134 3832; x_wconf 72' lang='lat' dir='ltr'>leto</span> <span class='ocrx_word' id='word_1_318' title='bbox 1151 3780 1302 3848; x_wconf 75' lang='lat' dir='ltr'>quaeratur</span> <span class='ocrx_word' id='word_1_319' title='bbox 1362 3767 1369 3782; x_wconf 87' lang='lat'>&#39;</span> 
     </span>
     <span class='ocr_line' id='line_1_34' title="bbox 85 3862 1299 3935; baseline 0.002 -23"><span class='ocrx_word' id='word_1_320' title='bbox 85 3877 128 3916; x_wconf 82' lang='lat' dir='ltr'>uec</span> <span class='ocrx_word' id='word_1_321' title='bbox 145 3862 293 3920; x_wconf 82' lang='lat' dir='ltr'>conlocatio</span> <span class='ocrx_word' id='word_1_322' title='bbox 307 3863 435 3935; x_wconf 76' lang='lat' dir='ltr'>placeatr</span> <span class='ocrx_word' id='word_1_323' title='bbox 457 3863 513 3920; x_wconf 81' lang='lat' dir='ltr'>atta</span> <span class='ocrx_word' id='word_1_324' title='bbox 532 3867 604 3920; x_wconf 74' lang='lat' dir='ltr'>raah</span> <span class='ocrx_word' id='word_1_325' title='bbox 622 3871 664 3921; x_wconf 84' lang='lat' dir='ltr'>est</span> <span class='ocrx_word' id='word_1_326' title='bbox 682 3865 737 3920; x_wconf 82' lang='lat' dir='ltr'>loct</span> <span class='ocrx_word' id='word_1_327' title='bbox 754 3869 778 3934; x_wconf 85' lang='grc'>3,</span> <span class='ocrx_word' id='word_1_328' title='bbox 797 3871 814 3920; x_wconf 83' lang='grc'>4</span> <span class='ocrx_word' id='word_1_329' title='bbox 895 3867 926 3920; x_wconf 83' lang='grc'>12</span> <span class='ocrx_word' id='word_1_330' title='bbox 946 3869 1048 3919; x_wconf 85' lang='lat' dir='ltr'>omnino</span> <span class='ocrx_word' id='word_1_331' title='bbox 1067 3884 1117 3918; x_wconf 90' lang='lat' dir='ltr'>non</span> <span class='ocrx_word' id='word_1_332' title='bbox 1135 3865 1299 3920; x_wconf 80' lang='lat' dir='ltr'>deteriores:</span> 
     </span>
     <span class='ocr_line' id='line_1_35' title="bbox 85 3953 1301 4027; baseline 0.005 -27"><span class='ocrx_word' id='word_1_333' title='bbox 85 3955 179 4004; x_wconf 87' lang='lat' dir='ltr'>omnino</span> <span class='ocrx_word' id='word_1_334' title='bbox 285 3956 360 4004; x_wconf 88' lang='lat' dir='ltr'>satius</span> <span class='ocrx_word' id='word_1_335' title='bbox 379 3956 409 4004; x_wconf 88' lang='lat' dir='ltr'>sit</span> <span class='ocrx_word' id='word_1_336' title='bbox 435 3953 513 4022; x_wconf 76' lang='lat' dir='ltr'>(haec</span> <span class='ocrx_word' id='word_1_337' title='bbox 527 3961 643 4026; x_wconf 74' lang='lat' dir='ltr'>praeter</span> <span class='ocrx_word' id='word_1_338' title='bbox 662 3957 695 4006; x_wconf 90' lang='lat' dir='ltr'>ati</span> <span class='ocrx_word' id='word_1_339' title='bbox 715 3957 743 4009; x_wconf 81' lang='lat' dir='ltr'>in</span> <span class='ocrx_word' id='word_1_340' title='bbox 761 3955 828 4023; x_wconf 82' lang='lat' dir='ltr'>ras.)</span> <span class='ocrx_word' id='word_1_341' title='bbox 940 3955 972 4008; x_wconf 76' lang='lat'>15</span> <span class='ocrx_word' id='word_1_342' title='bbox 992 3961 1059 4022; x_wconf 74' lang='lat' dir='ltr'>tante</span> <span class='ocrx_word' id='word_1_343' title='bbox 1078 3955 1172 4027; x_wconf 72' lang='lat' dir='ltr'>(prior</span> <span class='ocrx_word' id='word_1_344' title='bbox 1190 3961 1199 4004; x_wconf 85' lang='lat' dir='ltr'>t</span> <span class='ocrx_word' id='word_1_345' title='bbox 1217 3953 1301 4020; x_wconf 76' lang='lat' dir='ltr'>corr.)</span> 
     </span>
     <span class='ocr_line' id='line_1_36' title="bbox 169 4043 1301 4114; baseline -0.002 -20"><span class='ocrx_word' id='word_1_346' title='bbox 169 4043 201 4094; x_wconf 80' lang='lat' dir='ltr'>tu·</span> <span class='ocrx_word' id='word_1_347' title='bbox 226 4050 277 4093; x_wconf 89' lang='lat' dir='ltr'>tuus</span> <span class='ocrx_word' id='word_1_348' title='bbox 303 4043 470 4110; x_wconf 74' lang='lat' dir='ltr'>(tataros.)</span> <span class='ocrx_word' id='word_1_349' title='bbox 561 4047 615 4110; x_wconf 88' lang='lat' dir='ltr'>pius</span> <span class='ocrx_word' id='word_1_350' title='bbox 634 4045 697 4109; x_wconf 79' lang='lat' dir='ltr'>(iia</span> <span class='ocrx_word' id='word_1_351' title='bbox 718 4046 786 4112; x_wconf 87' lang='lat' dir='ltr'>ras.)</span> <span class='ocrx_word' id='word_1_352' title='bbox 884 4043 916 4114; x_wconf 69' lang='grc' dir='ltr'><strong>Π</strong></span> <span class='ocrx_word' id='word_1_353' title='bbox 935 4047 1059 4097; x_wconf 66' lang='lat' dir='ltr'>sacerdo</span> <span class='ocrx_word' id='word_1_354' title='bbox 1148 4045 1233 4094; x_wconf 88' lang='lat' dir='ltr'>omnia</span> <span class='ocrx_word' id='word_1_355' title='bbox 1251 4049 1301 4092; x_wconf 89' lang='lat' dir='ltr'>tarn</span> 
     </span>
     <span class='ocr_line' id='line_1_37' title="bbox 87 4131 1195 4200; baseline 0.008 -25"><span class='ocrx_word' id='word_1_356' title='bbox 87 4132 227 4191; x_wconf 77' lang='lat' dir='ltr'>praestantia</span> <span class='ocrx_word' id='word_1_357' title='bbox 250 4149 325 4197; x_wconf 89' lang='lat' dir='ltr'>quam</span> <span class='ocrx_word' id='word_1_358' title='bbox 350 4149 457 4198; x_wconf 88' lang='lat' dir='ltr'>propera</span> <span class='ocrx_word' id='word_1_359' title='bbox 482 4131 573 4186; x_wconf 73' lang='lat' dir='ltr'>Koch:</span> <span class='ocrx_word' id='word_1_360' title='bbox 601 4136 669 4184; x_wconf 92' lang='lat' dir='ltr'>omia</span> <span class='ocrx_word' id='word_1_361' title='bbox 688 4137 790 4200; x_wconf 70' lang='lat' dir='ltr'>tamquti</span> <span class='ocrx_word' id='word_1_362' title='bbox 815 4149 921 4200; x_wconf 89' lang='lat' dir='ltr'>propera</span> <span class='ocrx_word' id='word_1_363' title='bbox 947 4133 1012 4200; x_wconf 80' lang='lat' dir='ltr'>(aaa</span> <span class='ocrx_word' id='word_1_364' title='bbox 1031 4131 1195 4200; x_wconf 83' lang='lat' dir='ltr'>praepopera)</span> 
     </span>
    </p>
   </div>
   <div class='ocr_carea' id='block_1_6' title="bbox 86 4235 1366 4532">
    <p class='ocr_par' dir='ltr' id='par_1_6' title="bbox 86 4235 1366 4532">
     <span class='ocr_line' id='line_1_38' title="bbox 86 4235 1366 4350; baseline 0.005 -30"><span class='ocrx_word' id='word_1_365' title='bbox 86 4268 116 4322; x_wconf 82' lang='lat'>20</span> <span class='ocrx_word' id='word_1_366' title='bbox 133 4272 167 4320; x_wconf 91' lang='lat' dir='ltr'>dii</span> <span class='ocrx_word' id='word_1_367' title='bbox 187 4273 337 4324; x_wconf 88' lang='lat' dir='ltr'>immortales</span> <span class='ocrx_word' id='word_1_368' title='bbox 420 4275 453 4328; x_wconf 80' lang='grc'>21</span> <span class='ocrx_word' id='word_1_369' title='bbox 474 4276 556 4326; x_wconf 87' lang='lat' dir='ltr'>dicere</span> <span class='ocrx_word' id='word_1_370' title='bbox 575 4257 656 4350; x_wconf 71' lang='lat' dir='ltr'>potest</span> <span class='ocrx_word' id='word_1_371' title='bbox 747 4257 781 4330; x_wconf 68' lang='lat'>22</span> <span class='ocrx_word' id='word_1_372' title='bbox 801 4235 854 4328; x_wconf 84' lang='lat' dir='ltr'>ariis</span> <span class='ocrx_word' id='word_1_373' title='bbox 938 4279 1013 4328; x_wconf 90' lang='lat' dir='ltr'>circui</span> <span class='ocrx_word' id='word_1_374' title='bbox 1027 4321 1033 4334; x_wconf 83' lang='lat'><em>.</em></span> <span class='ocrx_word' id='word_1_375' title='bbox 1048 4318 1054 4332; x_wconf 92' lang='lat'>.</span> <span class='ocrx_word' id='word_1_376' title='bbox 1069 4318 1074 4331; x_wconf 92' lang='lat'><em>.</em></span> <span class='ocrx_word' id='word_1_377' title='bbox 1089 4275 1165 4327; x_wconf 86' lang='lat' dir='ltr'>oculis</span> <span class='ocrx_word' id='word_1_378' title='bbox 1184 4272 1301 4344; x_wconf 63' lang='lat' dir='ltr'>ltitst&#39;as,</span> <span class='ocrx_word' id='word_1_379' title='bbox 1362 4326 1366 4336; x_wconf 87' lang='grc'>,</span> 
     </span>
     <span class='ocr_line' id='line_1_39' title="bbox 86 4367 1213 4452; baseline 0.011 -37"><span class='ocrx_word' id='word_1_380' title='bbox 86 4367 211 4452; x_wconf 65' lang='lat' dir='ltr'>circumfer</span> <span class='ocrx_word' id='word_1_381' title='bbox 223 4411 229 4423; x_wconf 84' lang='lat'><em>.</em></span> <span class='ocrx_word' id='word_1_382' title='bbox 243 4411 249 4424; x_wconf 88' lang='lat'><em>.</em></span> <span class='ocrx_word' id='word_1_383' title='bbox 264 4411 270 4424; x_wconf 91' lang='lat'><strong>.</strong></span> <span class='ocrx_word' id='word_1_384' title='bbox 284 4371 370 4422; x_wconf 83' lang='lat' dir='ltr'>oculos</span> <span class='ocrx_word' id='word_1_385' title='bbox 388 4369 446 4426; x_wconf 69' lang='lat' dir='ltr'>El:</span> <span class='ocrx_word' id='word_1_386' title='bbox 467 4374 584 4428; x_wconf 86' lang='lat' dir='ltr'>circui..</span> <span class='ocrx_word' id='word_1_387' title='bbox 600 4373 705 4428; x_wconf 85' lang='lat' dir='ltr'>,oculos</span> <span class='ocrx_word' id='word_1_388' title='bbox 804 4374 838 4428; x_wconf 81' lang='lat'>23</span> <span class='ocrx_word' id='word_1_389' title='bbox 858 4375 900 4425; x_wconf 88' lang='lat' dir='ltr'>ubi</span> <span class='ocrx_word' id='word_1_390' title='bbox 919 4390 966 4440; x_wconf 91' lang='lat' dir='ltr'>que</span> <span class='ocrx_word' id='word_1_391' title='bbox 990 4375 1017 4440; x_wconf 93' lang='lat' dir='ltr'>(b</span> <span class='ocrx_word' id='word_1_392' title='bbox 1037 4389 1109 4428; x_wconf 78' lang='lat' dir='ltr'>corr.</span> <span class='ocrx_word' id='word_1_393' title='bbox 1127 4387 1167 4427; x_wconf 75' lang='lat' dir='ltr'>etc</span> <span class='ocrx_word' id='word_1_394' title='bbox 1184 4372 1213 4439; x_wconf 86' lang='lat' dir='ltr'>p)</span> 
     </span>
     <span class='ocr_line' id='line_1_40' title="bbox 87 4453 685 4532; baseline 0.01 -26"><span class='ocrx_word' id='word_1_395' title='bbox 87 4453 116 4507; x_wconf 85' lang='lat'>24</span> <span class='ocrx_word' id='word_1_396' title='bbox 138 4459 221 4532; x_wconf 81' lang='lat' dir='ltr'>dulces</span> <span class='ocrx_word' id='word_1_397' title='bbox 309 4468 431 4512; x_wconf 85' lang='lat' dir='ltr'>senserunt</span> <span class='ocrx_word' id='word_1_398' title='bbox 449 4460 547 4532; x_wconf 69' lang='lat' dir='ltr'>aulae:</span> <span class='ocrx_word' id='word_1_399' title='bbox 569 4463 685 4512; x_wconf 86' lang='lat' dir='ltr'>senserint</span> 
     </span>
    </p>
   </div>
   <div class='ocr_carea' id='block_1_7' title="bbox 0 0 1596 5318">
    <p class='ocr_par' dir='ltr' id='par_1_7' title="bbox 0 0 1596 5318">
     <span class='ocr_line' id='line_1_41' title="bbox 0 0 1596 5318; baseline 0 0"><span class='ocrx_word' id='word_1_400' title='bbox 0 0 1596 5318; x_wconf 95' lang='lat' dir='ltr'> </span> 
     </span>
    </p>
   </div>
  </div>
 </body>
</html>
