3184 5318
310 358 374 422 204
487 353 566 398 DlAL.
582 352 622 396 lx.
651 354 692 394 AD
707 353 849 396 SERENVM
864 354 905 396 Da
919 353 1185 406 TRANQVlLLlTATE
1197 354 1297 400 ANlMl.
1325 357 1345 398 i.

310 497 466 561 honorem
504 499 749 578 intemperantes
786 499 855 561 sint.
902 500 996 562 deme
1031 497 1089 560 illis
1123 508 1221 562 testes
1252 509 1510 582 spectatoresque:

309 624 373 666 non
404 602 575 667 delectabit
598 605 715 686 popina
737 613 866 667 secreta.
913 606 1176 668 considerandum
1200 615 1264 680 est,
1295 613 1398 668 utrum
1419 615 1514 670 natura

309 719 364 772 tua
393 710 525 791 agendis
556 711 650 772 rebus
681 731 721 772 an
752 709 856 772 otioso
886 711 990 774 studio
1014 711 1337 794 contemplationique
1359 710 1458 793 aptior'
1475 717 1514 787 sit,

309 825 342 878 et
372 837 411 878 eo
442 816 669 892 inclinandum,
700 837 764 897 quo
795 825 828 878 te
850 817 897 880 uis
919 817 1033 897 ingenii
1056 815 1141 880 seret
1188 817 1344 880 Isocrates
1366 817 1514 898 Ephorum

282 923 422 986 uiniecta
452 943 547 984 manu
569 943 590 984 a
612 921 681 984 soro
711 923 864 986 subduxit
894 923 1049 1008 utiliorem
1078 925 1297 1005 conponendis
1320 927 1515 986 monumentis

308 1026 506 1090 historiarum
530 1037 623 1090 ratus.
656 1029 738 1092 male
758 1031 841 1092 enim
859 1031 1052 1111 respondent
1067 1039 1179 1094 coacta
1193 1030 1334 1110 ingenia:
1360 1029 1516 1094 reluctante

267 1147 275 1168 ⁸
307 1144 420 1198 natura
449 1134 557 1197 inritus
587 1135 679 1198 labor
702 1145 758 1199 est
804 1134 878 1198 nihil
900 1144 1009 1200 tamen
1032 1155 1132 1216 aeque
1155 1135 1361 1200 oblectauerit
1382 1139 1542 1211 animum,3

308 1261 402 1321 quam
434 1241 569 1304 amicitia
598 1241 698 1304 fidelis
729 1251 761 1304 et
792 1241 898 1304 dulcis.
943 1251 1096 1323 quantum
1126 1242 1248 1315 bonum
1264 1251 1336 1326 Uest,
1367 1242 1420 1306 ubi
1439 1263 1516 1324 prae·

304 1355 418 1428 parata
454 1355 527 1412 sunt
565 1356 713 1430 pectora,
751 1349 781 1410 in
819 1367 900 1430 quae
935 1357 1005 1412 tuto
1036 1358 1193 1412 secretum
1223 1369 1320 1412 omne
1350 1350 1517 1422 descendat,

270 1477 293 1516 ru
308 1473 442 1534 quorum
473 1455 697 1516 conscientiam
728 1455 830 1516 minus
858 1475 955 1536 quam
986 1463 1074 1517 tuam
1105 1455 1232 1530 timeae,
1263 1475 1398 1537 quorum
1425 1475 1517 1517 sermo

306 1560 546 1624 sollicitudinem
563 1561 666 1636 leniat,
689 1563 844 1624 sententia
860 1561 1022 1624 consilium
1039 1561 1199 1642 expediat,
1222 1560 1360 1624 hilaritas
1375 1562 1517 1624 tristitiam

307 1666 452 1748 dissipet,
482 1676 671 1748 conspectus
694 1667 761 1749 ipse
785 1668 940 1732 delectet!
973 1688 1054 1749 quos
1077 1667 1193 1730 scilicet
1215 1687 1349 1744 uacum,
1379 1677 1517 1750 quantum
1581 1697 1582 1772 q

182 1779 192 1794 ·
307 1771 373 1836 fieri
403 1774 535 1853 poterit,
567 1793 586 1834 a
615 1775 836 1855 cupiditatibus
866 1774 1027 1856 eligemus
1071 1783 1203 1855 serpunt
1233 1775 1316 1836 enim
1349 1775 1423 1836 uitia
1444 1775 1518 1836 etin

307 1879 490 1959 proximum
520 1899 680 1961 quemque
708 1880 882 1944 transiliunt
912 1890 945 1944 et
974 1890 1122 1944 contactu
1145 1889 1269 1944 nocent
1315 1881 1421 1962 itaque
1443 1889 1474 1943 ut
1493 1882 1544 1948 inl
1581 1925 1582 1940 2

270 2010 292 2048 u
306 1984 484 2065 pestilentia
513 1988 686 2048 curandum
717 1995 781 2062 est,
812 2007 852 2050 ne
882 1988 1035 2070 correptis
1066 1991 1129 2050 iam
1152 1987 1338 2068 corporibus
1361 1997 1395 2050 et
1417 1986 1519 2050 morbo

307 2089 511 2171 flagrantibus
542 2093 759 2168 adsideamuS,
789 2095 862 2175 quia
891 2093 1029 2175 pericula
1058 2094 1219 2158 trahemus
1249 2094 1433 2175 adflatuque
1460 2094 1519 2174 ipso

308 2196 538 2261 laborabimus:
572 2200 616 2262 ita
646 2200 677 2260 in
707 2201 881 2262 amicorum
905 2201 1048 2282 legendis
1070 2201 1200 2281 ingeniis
1224 2199 1370 2264 dabimus
1393 2219 1520 2281 operam,

308 2312 342 2366 ut
365 2323 461 2384 quam
485 2305 613 2368 minime
635 2306 812 2387 inquinatos
835 2309 1055 2390 adsumamus:
1088 2308 1208 2371 initium
1231 2307 1336 2370 morbi
1359 2315 1410 2370 est
1431 2306 1520 2386 aegris

307 2429 385 2472 sana
407 2411 544 2472 miscere.
589 2432 649 2474 nec
671 2411 734 2474 hoc
755 2413 970 2494 praeceperim
994 2414 1064 2489 tibi,
1089 2425 1124 2478 ut
1147 2401 1306 2476 neminem
1329 2414 1388 2476 nisi
1409 2413 1520 2493 sapien-

267 2541 294 2580 uu
308 2522 374 2577 tem
405 2517 543 2599 sequaris
574 2528 629 2580 aut
659 2519 816 2582 adtrahas.
862 2519 915 2582 ubi
946 2520 1027 2582 enim
1057 2521 1163 2584 istum·
1181 2520 1334 2595 inuenies,
1365 2539 1460 2601 quem
1481 2525 1521 2578 tot

308 2619 419 2683 seculis
449 2623 648 2703 quaerimus?
679 2644 739 2705 pro
769 2626 891 2707 optimo
922 2628 962 2688 sit
985 2626 1113 2690 minime
1136 2625 1245 2688 malus.
1291 2615 1350 2688 uix¹
1370 2626 1428 2688 tibi
1449 2631 1547 2687 essett

308 2724 438 2790 facultas
474 2727 604 2792 dilectus
634 2729 793 2806 felicioris,
828 2733 854 2794 si
885 2733 965 2795 inter
994 2731 1144 2796 Platonas
1173 2741 1207 2796 et
1237 2731 1470 2813 Xenophontas
1496 2737 1523 2790 et

307 2832 392 2895 illum
408 2833 561 2898 Socratici
583 2835 664 2899 fetus
686 2846 876 2918 prouentum
900 2838 1005 2900 bonos
1028 2859 1203 2921 quaereres,
1228 2847 1281 2902 aut
1303 2839 1330 2900 si
1350 2838 1408 2900 tibi
1426 2845 1522 2918 potes

308 2947 356 3002 tas
389 2939 581 3004 Catonianae
615 2943 705 3006 fieret
735 2945 863 3021 aetatis,
901 2965 983 3027 quae
1012 2943 1180 3027 plerosque
1212 2944 1327 3026 dignos
1357 2943 1444 3019 tulit,
1479 2943 1524 3022 qui

268 3071 293 3111 aa
309 3046 438 3109 Catonis
468 3048 574 3111 seculo
605 3060 808 3113 nascerentur
839 3052 929 3127 (sicut
960 3050 1078 3114 multos
1107 3041 1232 3132 peiores
1261 3071 1358 3132 quam
1384 3068 1523 3132 umquam

307 3151 382 3214 alias
406 3155 682 3236 maximorumque
705 3158 868 3220 molitores
891 3157 1054 3220 scelerum.
1085 3167 1218 3238 utraque
1241 3159 1325 3220 enim
1345 3157 1441 3220 turba
1454 3175 1525 3237 opus

308 3268 390 3334 erat,
422 3269 456 3322 ut
481 3259 562 3324 Cato
592 3272 703 3343 posset
733 3263 879 3344 intellegi.
925 3263 1044 3328 habere
1073 3264 1183 3328 debuit
1214 3273 1247 3328 et
1270 3264 1392 3340 bonos,
1422 3262 1524 3345 quibus
1582 3263 1583 3336 l

307 3384 345 3434 se
365 3365 574 3446 adprobaret,
606 3377 639 3431 et
661 3368 779 3445 malos,
808 3369 975 3450 inquibus
999 3371 1062 3432 uim
1086 3391 1176 3434 suam
1200 3369 1428 3453 experiretur):
1453 3379 1550 3430 nuncu·

308 3491 385 3532 uero
408 3473 438 3533 in
458 3482 548 3536 tanta
563 3474 721 3536 bonorum
738 3484 882 3557 egestate
898 3477 999 3539 minus
1014 3476 1178 3543 fastidiosa
1192 3476 1249 3540 liat
1263 3473 1386 3540 electio.
1416 3473 1524 3557 praeci-
1550 3499 1554 3512 ·

268 3602 294 3642 ur
308 3596 370 3657 pue
392 3586 502 3640 tamen
525 3581 661 3645 uitentur
684 3582 789 3644 tristes
813 3592 846 3645 et
868 3583 976 3645 omnia
998 3582 1211 3664 deplorantes,
1234 3581 1348 3665 quibus
1372 3580 1457 3644 nulla
1470 3598 1526 3642 non

309 3837 326 3892 2
339 3837 423 3893 uerba
436 3843 641 3893 considerandum
655 3851 691 3893 est
703 3874 737 3882 —
749 3843 766 3898 7
780 3847 852 3895 labor
864 3854 898 3895 est
910 3841 954 3898 hic
966 3843 1056 3898 alienu
1070 3859 1128 3898 esse
1141 3841 1210 3897 uidit
1219 3843 1312 3899 Haase
1325 3851 1352 3900 et
1363 3853 1429 3899 ante
1440 3857 1526 3894 necem

309 3936 344 3980 est
363 3941 385 3984 c.
400 3932 424 3994 ⁶,
439 3931 463 3992 2,
473 3944 502 3999 p.
517 3932 577 3994 203,
591 3933 606 3983 6
620 3931 723 4001 posuit,
744 3931 825 3987 Gertz
839 3940 906 4002 post
924 3935 1044 3998 oppressit
1063 3935 1148 3984 officio
1159 3949 1187 4002 p.
1201 3936 1291 3996 203,9
1382 3933 1400 3986 4
1418 3936 1526 3984 Isocrates

309 4019 437 4083 Ephorum
457 4019 547 4068 iniecta
566 4017 628 4073 olim
648 4035 735 4077 corn:
757 4023 871 4072 Socrates
889 4023 992 4086 sephon
1004 4023 1068 4072 lecta
1140 4019 1157 4074 8
1180 4029 1311 4087 preparata
1330 4029 1386 4073 sunt
1406 4020 1465 4077 cod.
1482 4024 1526 4069 sunl

309 4111 456 4173 praeparata
468 4104 553 4178 uulpo
638 4107 670 4160 14
688 4114 712 4158 ut
725 4107 784 4161 Et:
804 4117 829 4159 ut
841 4111 908 4175 quod
994 4109 1026 4162 15
1039 4111 1204 4176 neccorreplis
1218 4109 1340 4180 (priore
1354 4109 1454 4177 deleta)

227 4275 239 4294 0
311 4219 343 4274 16
363 4223 473 4288 afflatum
495 4221 583 4294 (prior
601 4224 712 4290 fourr.)
791 4223 824 4277 17
842 4218 867 4275 ln
886 4217 962 4290 oparh
1053 4223 1087 4278 20
1106 4226 1223 4274 adtrahas
1242 4225 1270 4290 (d
1289 4240 1361 4279 corr.
1382 4224 1412 4278 in
1430 4228 1448 4292 t)

310 4366 381 4414 istum
394 4362 557 4418 deteriores:
578 4365 642 4418 istud
731 4365 763 4421 21
784 4366 814 4421 sit
830 4363 925 4424 Gertz:
946 4377 983 4423 est
1072 4320 1357 4444 23clecteddsssuprascr.
1373 4384 1408 4423 m.
1423 4370 1449 4439 l)

311 4452 345 4511 29
365 4459 472 4517 ἳὲὥῐαὶς
