3212 5318
40 359 53 398 0
303 347 444 390 Dtnl..xu.
473 347 514 388 nt)
530 345 681 390 POLYBIVM
699 346 738 388 DE
752 345 995 392 CONSOLATlONE.
1023 349 1043 392 4.
1058 351 1078 392 b.
1239 351 1303 414 275

89 495 167 573 quod
190 513 288 577 saepe
311 492 489 557 faciendum
514 501 570 568 est,
594 502 627 556 et
651 492 858 574 respicientes,
882 502 1034 574 quantum
1057 503 1184 576 atergo
1200 513 1305 558 rerum

89 601 214 662 tristium
235 601 395 676 inmineat,
418 601 443 664 si
459 621 522 664 non
538 599 625 662 finire
642 600 795 677 lacrimas,
816 610 849 665 at
865 610 950 664 certe
967 621 1126 664 reseruare
1143 601 1305 665 debemus.

90 705 154 770 nulli
183 709 378 790 parcendum
411 716 459 770 est
491 708 533 770 rei
566 709 667 790 magis
700 727 796 788 quam
828 707 915 783 huic,
947 709 1032 770 cuius
1063 717 1129 772 tam
1161 707 1307 790 frequens

90 835 156 876 usus
179 823 236 878 est.

66 947 71 996 l
174 921 215 984 V.
254 921 335 984 Illud
365 941 491 1004 quoque
522 932 555 987 te
585 943 649 984 non
682 923 844 986 minimum
869 923 1039 997 adiuuerit,
1070 921 1095 984 si
1119 921 1306 1004 cogitaueris
1335 941 1346 978 a

90 1026 157 1090 nulli
188 1029 290 1090 minus
321 1038 446 1110 gratum
478 1049 547 1093 esse
578 1026 721 1092 dolorem
754 1039 842 1112 tuum
875 1049 970 1110 quam
1002 1030 1048 1106 ei,
1079 1029 1127 1092 cui
1159 1030 1308 1111 praestari

91 1135 226 1198 uidetur:
260 1136 398 1216 torqueri
429 1135 479 1198 ille
510 1145 542 1198 te
573 1145 627 1200 aut
659 1157 723 1200 non
754 1136 820 1222 unlt
848 1147 901 1200 aut
932 1157 996 1198 non
1019 1135 1179 1218 intellegit.
1226 1136 1310 1199 nulla

91 1242 189 1322 itaque
212 1243 277 1303 eius
300 1241 393 1305 officii
417 1243 496 1306 ratio
521 1252 586 1317 est,
609 1246 697 1324 quod
721 1245 757 1319 ei,
782 1245 830 1307 cui
853 1253 1037 1324 praestatur,
1061 1244 1086 1306 si
1109 1242 1182 1305 nihil
1206 1245 1309 1321 sentit,

63 1369 314 1430 2superuacuum
339 1358 396 1425 est,
419 1351 445 1412 si
468 1351 570 1426 sentit,
595 1351 752 1432 ingratum
777 1360 833 1413 est.
881 1353 952 1430 [24]
977 1351 1136 1412 neminem
1153 1371 1222 1413 esse
1238 1359 1309 1413 toto

92 1455 164 1517 orbe
187 1464 351 1530 terrarum,
375 1457 427 1536 qui
451 1456 626 1520 delectetur
641 1457 776 1520 lacrimis
792 1459 861 1533 tuis,
886 1459 1034 1520 audacter
1051 1457 1194 1519 dixerim.
1233 1457 1309 1540 quid
1327 1473 1349 1513 ιο

93 1566 182 1644 ergo?
221 1583 316 1643 quem
341 1583 437 1625 nemo
461 1564 612 1626 aduersus
636 1573 668 1627 te
692 1565 831 1626 animum
855 1565 943 1646 gerit,
967 1584 1040 1626 eum
1064 1583 1133 1636 esse
1156 1573 1190 1628 tu
1208 1565 1309 1627 credis

93 1667 187 1732 fratris
210 1669 262 1744 tui,
287 1678 321 1732 ut
345 1669 482 1734 cruciatu
505 1671 549 1734 tui
572 1681 686 1735 noceat
710 1671 775 1747 tibi,
800 1681 833 1734 ut
857 1681 889 1735 te
913 1671 987 1733 uelit
1011 1670 1168 1733 abducere
1190 1671 1232 1733 ab
1256 1691 1308 1733 oc-

94 1776 306 1857 cupationibus
329 1779 398 1853 tuis
423 1773 465 1842 id'
478 1787 526 1842 est
549 1799 568 1841 a
591 1777 694 1841 studio
719 1787 751 1842 et
768 1799 786 1841 a
803 1777 959 1841 Caesare?
992 1798 1054 1840 non
1072 1787 1120 1841 est
1135 1778 1197 1840 hoc
1213 1776 1311 1840 simile

58 1881 60 1888 '
95 1883 160 1947 ueri.
205 1881 256 1946 ille
280 1885 363 1946 enim
387 1883 613 1966 indulgentiam
637 1885 693 1948 tibi
717 1894 881 1966 tamquam
906 1884 991 1948 fratri
1014 1885 1184 1967 praestitit,
1217 1903 1309 1946 uene-

94 1992 241 2052 rationem
257 1973 421 2073 tamquam
437 1992 566 2075 parenti,
583 1992 702 2056 cultum
719 2002 882 2073 tamquam
899 1993 1057 2073 superiori.
1089 1991 1139 2052 ille
1156 1991 1310 2054 desiderio
1328 2005 1351 2046 ¹⁶

95 2097 144 2158 tibi
172 2117 240 2160 esse
272 2097 354 2173 uult,
385 2108 548 2162 tormento
573 2119 728 2162 essenon
752 2098 826 2161 uult.
873 2099 948 2179 quid
972 2099 1078 2178 itaque
1101 2097 1185 2160 iuuat
1209 2097 1311 2160 dolori

94 2202 297 2278 intabescere,
329 2225 440 2285 quem,
472 2205 496 2268 si
526 2207 595 2286 quis
618 2205 771 2270 defunctis
794 2225 905 2268 sensus
928 2214 992 2280 est,
1023 2204 1100 2266 finiri
1123 2203 1217 2266 frater
1240 2215 1311 2266 tuus

68 2311 194 2390 3cupit?
232 2313 274 2373 de
298 2311 359 2373 alio
383 2310 491 2395 fratre,
506 2313 602 2401 ‘cuius
626 2313 743 2376 incerta
766 2322 876 2393 posset
900 2311 1045 2374 uoluntas
1069 2311 1181 2387 uideri,
1206 2312 1312 2374 omnia

96 2415 167 2479 haec
197 2417 292 2480 dubie
323 2438 475 2499 ponerem
508 2429 540 2482 et
570 2419 726 2482 dicerem:
760 2420 826 2482 siue
849 2427 881 2482 te
905 2419 1043 2500 torqueri
1066 2419 1198 2481 lacrimis
1222 2437 1310 2480 num-

97 2543 184 2602 quam
208 2525 423 2588 desinentibus
446 2524 541 2588 frater
564 2536 634 2589 tuus
658 2529 752 2607 cupit,
776 2528 921 2608 indignus
945 2527 1007 2589 hoc
1030 2524 1155 2588 adfectu
1178 2535 1233 2588 tuo
1256 2533 1312 2587 est.
1326 2537 1352 2580 2⁰

97 2630 156 2692 siue
178 2651 241 2694 non
265 2631 341 2707 uult,
365 2633 488 2714 utrique
512 2641 650 2695 uestrum
675 2632 889 2696 inhaerentem
914 2633 1060 2696 dolorem
1083 2633 1223 2698 dimitte:
1255 2651 1313 2694 nec

98 2736 188 2819 inpius
219 2738 315 2801 frater
345 2739 389 2802 sic
421 2739 589 2802 desiderari
614 2740 711 2802 debet
734 2759 792 2802 nec
815 2741 883 2822 pius
907 2741 951 2802 sic
975 2740 1056 2802 uelit.
1096 2740 1125 2802 in
1147 2740 1209 2802 hoc
1229 2759 1313 2814 uero,

99 2844 176 2906 cuius
199 2854 265 2908 tam
291 2845 458 2927 explorata
481 2847 580 2927 pietas
604 2855 660 2921 est,
684 2867 743 2928 pro
767 2855 854 2909 certo
878 2846 1059 2908 babendum
1085 2855 1132 2908 est
1155 2844 1229 2907 nihil
1246 2865 1314 2908 esse

98 2947 136 3010 illi
163 2972 255 3032 posse
286 2953 429 3015 acerbius
460 2973 555 3033 quam
580 2953 605 3016 si
628 2952 684 3015 tibi
708 2953 758 3015 hic
780 2973 871 3016 casus
895 2953 959 3014 eius
983 2953 1115 3014 acerbus
1139 2962 1202 3027 est,
1234 2953 1314 3014 site

100 3054 277 3122 ullomodo
302 3068 444 3140 torquet,
476 3061 501 3122 si
527 3059 635 3122 oculos
658 3068 746 3135 tuoS,
778 3059 1011 3141 indignissimos
1035 3059 1098 3122 hoc
1122 3058 1223 3134 ma10,
1247 3059 1314 3120 sine
1328 3074 1353 3114 us

100 3161 156 3226 ullo
179 3165 273 3228 flendi
296 3165 358 3228 fme
383 3175 414 3228 et
439 3167 607 3230 conturbat
631 3167 715 3230 idem
741 3175 773 3228 et
797 3167 950 3230 exhaurit.

70 3287 83 3338 l
168 3271 334 3334 ¹Pietatem
365 3281 472 3335 tamen
504 3285 591 3337 tuam
623 3272 697 3335 nihil
728 3293 829 3354 aeque
860 3295 879 3336 a
910 3273 1044 3336 lacrimis
1068 3283 1134 3337 tam
1157 3272 1315 3336 inutilibus

101 3374 237 3455 abducet,
262 3399 357 3459 quam
382 3379 406 3440 si
431 3380 618 3460 cogitaueris
640 3378 786 3443 fratribus
810 3389 843 3442 te
864 3381 925 3444 tuis
947 3381 1096 3462 exemplo
1114 3400 1182 3442 esse
1199 3380 1316 3442 debere

101 3479 212 3547 fortiter
235 3485 317 3547 hanc
336 3484 480 3548 fortunae
496 3487 635 3548 iniuriam
652 3487 832 3551 sustinendi.
865 3489 950 3567 quod
968 3489 1064 3549 duces
1081 3485 1316 3568 magnifaciunt

101 3587 185 3652 rebus
209 3591 349 3667 adfectis,
373 3601 408 3654 ut
431 3591 620 3657 hilaritatem
645 3594 686 3654 de
709 3593 859 3682 industria
882 3591 1028 3656 simulent
1052 3600 1084 3656 et
1100 3594 1249 3656 aduersas
1267 3612 1317 3655 res
1331 3607 1357 3648 ³0

99 3697 283 3761 adumbrata
304 3697 423 3761 laetitia
446 3698 652 3775 abscondant,
677 3721 717 3762 ne
741 3699 873 3763 militum
898 3701 1000 3775 animi,
1024 3700 1049 3762 si
1074 3699 1204 3764 fractam
1229 3699 1317 3802 ducis

1005 3805 1021 3836 Ο

98 3835 307 3850 ὴ*

99 3924 165 3978 2ac
184 3926 288 3980 recteD
307 3945 336 3979 ac
356 3927 461 3981 certeE
542 3927 601 3981 7te
620 3937 700 3980 autem
719 3927 809 3981 nonB
900 3929 932 3981 12
958 3925 982 3982 ut
1001 3937 1024 3981 te
1042 3931 1099 3980 uelit
1113 3927 1197 3998 Neap.
1218 3935 1243 3978 ut
1262 3945 1277 3978 a
1296 3933 1319 3977 te

101 4015 154 4065 uelit
174 4015 198 4070 B
216 4025 240 4068 et
258 4019 353 4083 priuate
371 4015 470 4070 nolitD
489 4025 512 4068 et
530 4019 624 4084 priuate
638 4019 695 4068 uelit
707 4016 734 4071 Ε
823 4018 856 4070 16
875 4019 956 4070 dolori
971 4017 995 4072 B
1011 4021 1104 4070 doloris
1116 4016 1142 4072 D
1155 4017 1281 4067 doloribus
1296 4014 1322 4068 Ε

187 4106 219 4159 17
239 4108 358 4157 defunctis
371 4103 495 4160 Muretus
510 4107 617 4158 defuncti
631 4105 712 4160 BDE
802 4106 832 4160 19
852 4108 927 4158 dubie
939 4110 980 4160 E*
998 4125 1047 4158 nou
1067 4109 1140 4157 dubie
1153 4103 1234 4160 BDE

105 4189 134 4242 ‘21
149 4203 250 4244 uestrum
263 4194 351 4266 Neap.
365 4203 474 4246 nostrum
492 4194 570 4250 Billa*
645 4195 678 4248 22
697 4213 742 4246 nec
755 4198 808 4262 plus
821 4187 856 4247 sic
868 4197 935 4247 uellit
952 4197 974 4250 B
1051 4196 1084 4249 ‘23
1104 4197 1181 4262 pietas
1194 4201 1229 4246 est
1245 4192 1323 4248 BDE

106 4287 136 4328 est
148 4298 195 4334 om.
209 4281 321 4338 Fickert
333 4289 358 4337 et
373 4283 465 4339 Haase
554 4285 588 4338 24
607 4303 681 4350 quam
694 4288 715 4335 si
728 4288 773 4336 tibi
786 4287 826 4336 hic
839 4303 908 4337 casus
922 4284 1002 4340 BD&
1017 4302 1090 4352 quam
1103 4287 1144 4336 hic
1158 4285 1178 4334 si
1191 4286 1236 4334 tibi
1250 4300 1320 4334 casus

107 4365 208 4426 Fickert
220 4377 247 4426 et
258 4375 299 4424 hic
312 4372 416 4428 incluso
428 4372 522 4428 Haase
605 4373 638 4428 26
658 4373 796 4430 exharltll
879 4376 912 4429 27
937 4383 987 4426 tam
1007 4361 1153 4429 Ennianus
1171 4375 1222 4422 iam
1242 4370 1323 4426 BDE

187 4460 219 4516 28
238 4465 342 4514 abducet
355 4462 436 4532 uulrjo
449 4465 554 4514 adducet
569 4461 649 4517 RBE
735 4473 760 4516 te
779 4468 824 4516 tuis
842 4466 955 4530 exemplo
968 4471 992 4516 te
1005 4463 1031 4519 B
1049 4467 1094 4516 tuis
1107 4463 1220 4528 exemplo
1234 4467 1257 4514 te
1270 4458 1324 4516 DE

1054 4551 1108 4607 18*
