3212 5318
278 363 340 426 0238
502 357 581 399 DlAL.
592 354 621 400 Χ,
650 357 691 396 ΑΙ)
707 354 860 396 ΡΑῊ,ῐΝνΜ
878 351 916 396 DE
932 355 1102 398 uREvt'raTs
1117 355 1213 398 vll'nlr.
1246 359 1276 400 lt.

276 503 458 584 opinionum
482 503 662 566 conditores
685 501 777 564 nobis
800 501 863 564 nati
888 511 974 574 sunt,
1002 502 1093 562 nobis
1117 503 1200 564 uiam
1224 511 1489 584 praeparauerunt.

277 611 318 672 ad
349 629 398 671 res
431 607 655 690 pulcherrimas
687 629 728 670 ex
759 607 897 670 tenebris
928 609 970 670 ad
1002 607 1104 670 lucem
1136 617 1240 670 erutas
1263 608 1366 670 alieno
1391 609 1491 670 labore

277 716 470 778 deducimur.
516 715 602 778 nullo
626 714 716 776 nobis
740 714 865 776 saeculo
889 715 1089 777 interdictum
1113 723 1170 789 est,
1193 715 1223 776 in
1239 717 1346 776 omnia
1361 715 1492 777 admitti-
1546 747 1548 752 ·

280 843 348 884 mur
370 832 409 897 et,
433 823 466 888 six
478 822 693 902 magnitudine
709 821 804 883 animi
820 821 928 901 egredi
945 819 1101 883 humanae
1117 821 1324 883 inbecillitatis
1340 823 1494 901 angustias

252 927 369 1002 alibet,
394 927 544 1003 multum,
568 948 625 1008 per
648 929 736 1009 quod
758 929 940 1008 spatiemur,
963 928 1117 1008 temporis
1141 938 1197 990 est.
1244 930 1406 1009 disputare
1428 919 1522 994 ¹cumr
1591 971 1592 1014 ἶ

278 1034 411 1098 Socrate
441 1035 528 1108 licet,
566 1034 710 1098 dubitare
741 1055 811 1096 cum
844 1032 1024 1109 Carneade,
1062 1055 1133 1096 cum
1165 1034 1302 1117 Epicuro
1332 1036 1496 1116 quiescere,
1591 1017 1592 1094 i

280 1141 414 1204 hominis
437 1152 580 1204 naturam
604 1161 676 1204 cum
693 1139 808 1204 Stoicis
832 1141 963 1214 uincere,
987 1161 1059 1202 cum
1076 1140 1202 1220 Cynicis
1225 1142 1391 1203 excedere.
1431 1159 1496 1200 cum
1591 1119 1592 1128 ἵ

280 1269 383 1312 rerum
413 1258 524 1310 natura
554 1249 582 1310 in
613 1248 805 1310 consortium
830 1247 932 1310 omnis
955 1248 1025 1309 aeui
1047 1248 1182 1327 patiatur
1205 1247 1365 1321 incedere,
1396 1247 1498 1328 quidni

280 1357 320 1418 ab
344 1355 407 1418 hoc
429 1355 546 1434 exiguo
571 1364 602 1417 et
626 1355 748 1416 caduco
771 1355 923 1435 temporis
946 1354 1077 1416 transitu
1101 1355 1131 1414 in
1154 1353 1205 1416 illa
1228 1363 1298 1416 toto
1315 1375 1374 1415 nos
1391 1357 1498 1415 demus

241 1479 265 1520 ιο
280 1463 401 1537 animo,
433 1481 514 1543 quae
545 1462 700 1535 inmensa,
731 1481 813 1542 quae
844 1469 971 1522 aeterna
1002 1468 1090 1533 sunt,
1121 1481 1297 1540 quaecum
1322 1459 1499 1522 melioribus

182 1563 185 1567 ’
279 1569 480 1630 communia?
519 1569 585 1641 isti,
615 1570 668 1647 qui
699 1587 756 1649 per
787 1565 891 1630 officia
923 1567 1113 1639 discursant,
1144 1567 1196 1647 qui
1227 1587 1261 1628 se
1291 1567 1434 1647 aliosque
1459 1569 1498 1628 in·
1515 1581 1526 1628 :l
1592 1601 1593 1644 γ

280 1675 429 1756 quietant,
453 1695 524 1735 curn
548 1674 631 1734 bene
654 1674 841 1747 insanierint,
864 1693 936 1734 cum
960 1674 1101 1734 omnium
1125 1672 1231 1736 limina
1246 1674 1365 1736 cotidie
1379 1679 1498 1754 peram-

282 1779 456 1844 bulauerint
478 1799 538 1842 nec
560 1779 637 1842 ullas
660 1789 787 1860 apertas
810 1779 893 1843 iores
916 1781 1146 1860 praeterierint,
1178 1799 1249 1842 curn
1274 1799 1330 1860 per
1361 1779 1499 1841 diuersis-

281 1889 377 1950 simas
394 1889 509 1948 domos
525 1887 716 1948 meritoriam
733 1886 954 1949 salutationem
970 1885 1224 1960 circumtulerint,
1245 1895 1378 1968 quotum
1395 1905 1499 1966 quem-

244 2011 266 2050 n
281 2015 343 2076 que
371 2014 413 2055 ex
444 2001 509 2054 tarn
542 1993 683 2054 inmensa
713 2003 745 2054 et
777 1994 867 2054 uariis
898 1992 1119 2073 cupiditatibus
1150 1993 1290 2054 districta
1315 1992 1393 2054 urbe
1415 2001 1499 2072 pote-

281 2110 353 2164 runt
383 2101 509 2162 uidere?
548 2119 645 2180 quarn
676 2099 765 2162 multi
796 2109 902 2173 erunt,
939 2119 1075 2179 quorum
1106 2098 1175 2160 illos
1206 2108 1260 2160 aut
1291 2118 1423 2160 somnus
1453 2105 1501 2158 aut
1516 2109 1529 2160 l

281 2209 403 2270 luxuria
433 2215 487 2268 aut
520 2205 729 2268 inhumanitas
760 2207 969 2268 submoueat?
1009 2226 1105 2287 quam
1129 2205 1218 2268 multi
1241 2207 1294 2287 qui
1317 2205 1404 2278 illos,
1434 2224 1501 2265 curn
1593 2217 1594 2276 3

282 2315 333 2376 diu
365 2315 527 2387 torserint,
559 2311 705 2376 simulata
727 2311 926 2375 festinatione
948 2315 1180 2374 transcurrant?
1218 2331 1315 2392 quam
1339 2311 1429 2374 multi
1451 2330 1502 2393 per
1593 2299 1594 2306 ἵ

281 2420 430 2484 refertum
454 2419 618 2482 clientibus
641 2420 753 2480 atrium
776 2420 903 2499 prodire
926 2417 1071 2480 uitabunt
1092 2427 1124 2480 et
1139 2439 1196 2500 per
1212 2418 1366 2480 obscuros
1382 2419 1502 2480 aedium
1541 2411 1548 2418 ’

242 2544 268 2584 ro
282 2529 386 2590 aditus
416 2525 616 2607 profugient?
655 2526 742 2607 quasi
774 2545 837 2586 non
868 2525 1065 2588 inhumanius
1096 2526 1136 2588 sit
1160 2526 1306 2606 decipere
1329 2545 1425 2606 quam
1449 2543 1501 2585 ex-

281 2634 416 2698 cludere.
462 2653 558 2714 quam
582 2632 671 2694 multi
694 2632 842 2696 hesterna
865 2631 991 2715 crapula
1014 2633 1222 2695 semisomnes
1245 2641 1277 2694 et
1301 2651 1427 2711 graues,
1450 2629 1503 2692 illis

283 2741 401 2802 miseris
431 2760 523 2802 suum
554 2759 702 2802 somnum
734 2741 966 2820 rumpentibus,
1003 2749 1037 2800 ut
1068 2739 1203 2802 alienum
1234 2748 1421 2820 expectent,
1452 2738 1502 2798 uix

282 2848 435 2910 adleuatis
456 2845 551 2908 labris
572 2846 797 2908 insusurratum
814 2845 934 2908 miliens
949 2866 1067 2908 nomen
1084 2847 1270 2908 oscitatione
1285 2843 1505 2926 superbissima

284 2955 438 3015 reddent?
478 2952 537 3014 hos
561 2951 591 3014 in
614 2954 696 3014 ueris
718 2951 826 3014 officiis
849 2954 964 3014 morari
990 2953 1160 3033 [putamus]
1186 2951 1258 3014 licet
1282 2953 1431 3024 dicamus,
1454 2949 1533 3030 quio
1594 2959 1595 3004 i

243 3075 269 3115 rs
284 3060 462 3134 Zenonem,
506 3060 558 3140 qui
597 3057 802 3140 Pythagoran
840 3060 956 3122 cotidie
994 3068 1026 3120 et
1064 3059 1284 3120 Democritum
1324 3067 1506 3136 ceterosque

284 3166 438 3228 antistites
463 3165 619 3227 bonarum
643 3167 765 3240 artium,
788 3166 841 3245 qui
858 3165 1065 3228 Aristotelem
1081 3175 1114 3227 et
1130 3163 1388 3246 Theophrastum
1403 3163 1507 3226 uolent

284 3273 402 3336 habere
433 3293 529 3352 quarn
562 3272 827 3334 familiarissimos
873 3292 968 3334 nemo
999 3271 1114 3334 horum
1145 3291 1209 3332 non
1241 3272 1383 3345 uacabit,
1412 3287 1505 3332 nemo

284 3399 348 3441 non
372 3380 550 3440 uenientem
575 3379 616 3440 ad
639 3399 673 3440 se
694 3379 870 3441 beatiorem
886 3380 1158 3458 amantioremque
1174 3379 1220 3440 sui
1236 3379 1383 3440 dimittet.
1413 3393 1507 3436 nemo

285 3505 478 3566 quemquam
511 3486 615 3546 uacuis
645 3505 665 3548 a
694 3505 729 3546 se
760 3486 905 3546 manibus
932 3485 1019 3548 abire
1041 3487 1188 3565 patietur.
1234 3494 1331 3546 nocte
1354 3479 1507 3546 conueniri

246 3607 272 3646 ³0
287 3599 319 3652 et
342 3591 475 3652 interdiu
499 3591 540 3652 ab
565 3591 712 3653 omnibus
736 3586 920 3653 mortalibus
943 3599 1084 3672 possunt.

289 3838 387 3888 luiam
402 3835 524 3905 Lipsius:
540 3839 615 3887 uitam
693 3838 882 3900 3nobisseclo
896 3836 1035 3903 (isinros.)
1122 3838 1137 3890 'i
1157 3839 1282 3900 excedere,
1296 3834 1506 3888 cum..incedere.

288 3927 380 3988 Quidni
390 3923 488 3993 outqffi
503 3925 744 3993 interpunctionem
757 3923 981 3994 emendMolllll'p
1054 3943 1110 3975 cum
1123 3943 1229 3976 rererum
1305 3918 1505 3990 109terna(at'lt

288 4015 356 4078 ras.)
433 4013 464 4064 14
477 4016 602 4062 meritoria
616 4013 650 4076 (m
661 4019 727 4082 post
740 4029 853 4080 arrasa,
866 4029 926 4066 eum
939 4023 1020 4067 ollteo
1030 4016 1242 4084 punctisnotata
1255 4020 1340 4072 essett
1355 4013 1382 4066 l‘n
1392 4009 1507 4078 murqille

289 4104 352 4152 ms
373 4103 497 4150 meritoria
516 4102 668 4167 i.0lflcinas)
742 4101 776 4153 22
800 4105 893 4153 miseris
913 4100 970 4156 Ei:
992 4105 1094 4152 miseriis
1184 4105 1354 4169 rumpentibus
1373 4098 1503 4152 Muretus:

291 4197 428 4254 rumpentes
445 4192 481 4253 (es
494 4190 519 4242 l'll
534 4191 600 4253 ros.)
691 4198 817 4254 expectent
830 4191 953 4244 illnlerito
967 4197 1077 4260 temptat
1092 4189 1173 4244 Gertz
1258 4193 1292 4246 23
1313 4192 1407 4253 milieils

290 4312 325 4365 24
350 4322 462 4377 putamus
485 4327 556 4364 ullus
582 4309 745 4366 deteriorum
770 4315 857 4368 omisit
970 4315 1003 4368 27
1029 4318 1129 4366 uocabit
1153 4315 1216 4368 olim
1236 4331 1325 4368 corin:
1347 4290 1423 4366 ua'cirit

504 4412 517 4448 q
867 4428 889 4459 et

292 4451 326 4504 28
346 4455 508 4502 amantiorem
528 4455 564 4504 sui
653 4454 687 4506 29
706 4471 754 4506 con
772 4459 850 4506 ueniri
903 4443 981 4508 inidiu
