3184 5318
297 354 357 415 1⁸28
513 348 590 390 DlllL.
607 349 644 390 Vl.
672 348 715 390 AD
729 347 870 389 MARCIAM
887 349 926 388 DE
941 349 1185 393 coNSOLATIONE.
1216 353 1234 391 ⁴1.
1251 353 1269 393 t.
1286 353 1305 392 tt.

294 505 360 558 tam
392 495 474 558 uiros
505 514 600 576 quam
624 493 751 557 feminas
774 503 852 556 uret.
898 494 1012 558 serrum
1035 496 1066 556 in
1089 497 1176 558 omni
1200 517 1333 579 corpore
1356 496 1507 560 exhibebit

292 603 421 666 secandi
452 602 635 684 potentiam.
681 605 799 683 quare?
837 603 910 684 quia
941 601 1021 664 uires
1051 601 1107 664 illis
1131 623 1150 664 a
1173 612 1285 666 natura
1315 605 1410 666 datae
1441 613 1507 678 sunt,

294 729 375 791 quae
399 707 472 771 nihil
495 711 525 771 in
541 728 710 791 personam
727 709 893 772 constituit.
925 719 1153 792 paupertatem,
1170 709 1298 786 luctum,
1313 709 1507 772 ambitionem

292 815 368 878 alius
399 814 488 878 aliter
519 816 630 890 sentit,
660 826 754 896 prout
785 815 870 877 illum
901 817 1098 878 consuetudo
1129 816 1253 908 intecit
1288 826 1320 879 et
1342 816 1507 878 inbecillum
1581 811 1582 854 ³

266 923 558 1004 sinpatientemque
589 922 693 984 reddit
724 931 929 1004 praesumpta
958 923 1064 1003 opinio
1096 925 1137 984 de
1167 943 1231 986 non
1262 924 1410 986 timendis
1434 925 1508 984 terri-

294 1027 416 1091 bitibus.
1121 1031 1124 1037 '

381 1135 465 1197 VIII.
505 1135 628 1197 Deinde
652 1137 738 1215 quod
755 1135 895 1197 naturale
911 1145 966 1216 est,
991 1155 1054 1198 non
1070 1136 1223 1198 decrescit
1239 1156 1346 1198 mora:
1375 1135 1508 1198 dolorem
1528 1143 1531 1191 t

292 1242 359 1303 dies
382 1242 477 1323 longa
501 1242 664 1304 consumit.
711 1241 781 1303 licet
803 1243 1132 1318 contumacissimam,
1163 1244 1278 1306 cotidie
1305 1244 1509 1330 insprgentem

292 1358 324 1411 et
362 1359 473 1412 contra
512 1350 652 1412 remedia
689 1349 963 1422 efferuescentem,
1001 1359 1107 1412 tamen
1146 1348 1231 1411 illum
1271 1348 1508 1412 efficacissimum

256 1472 277 1510 u
293 1455 485 1535 mitigandae
507 1455 642 1518 ferociae
664 1465 791 1536 tempus
814 1465 952 1518 eneruat.
998 1465 1106 1519 manet
1129 1458 1258 1536 quidem
1288 1456 1359 1532 tibi,
1393 1455 1535 1529 Mardat
1582 1439 1583 1458 ¹

292 1564 387 1625 etiam
412 1583 494 1624 nunc
516 1563 627 1642 ingens
650 1562 773 1625 tristitia
797 1572 828 1623 et
852 1564 913 1624 iam
938 1563 1072 1624 uidetur
1085 1563 1212 1624 duxisse
1235 1562 1358 1638 callum,
1382 1583 1447 1624 non
1462 1561 1510 1622 illa

292 1671 457 1743 concitata,
481 1668 579 1750 qualis
602 1669 688 1732 initio
711 1667 776 1742 suit,
798 1670 857 1730 sed
880 1669 1026 1750 pertinax
1049 1678 1082 1731 et
1105 1671 1280 1732 obstinata:
1307 1679 1416 1732 tamen
1440 1667 1510 1730 hauc

291 1797 418 1858 quoque
441 1776 497 1838 tibi
521 1785 609 1838 aetas
633 1759 809 1838 minutatim
830 1777 958 1838 eximet
997 1778 1142 1856 quotiens
1164 1775 1247 1838 aliud
1263 1779 1374 1858 egeris,
1398 1777 1509 1838 animus

292 1883 491 1946 relaxabitur.
530 1902 613 1944 nunc
635 1891 668 1944 te
691 1882 759 1963 ipsa
782 1883 928 1945 custodis.
967 1882 1100 1944 multum
1124 1891 1231 1946 autem
1253 1885 1391 1958 interest,
1414 1891 1508 1945 utrum
1524 1888 1535 1935 :t

255 2004 277 2044 ¹⁵
291 1988 347 2052 tibi
383 1990 548 2071 'permittas
586 2009 728 2051 maerere
766 2009 805 2050 an
841 1992 972 2069 inperes
1018 1997 1137 2071 quanto
1169 1989 1269 2071 magis
1300 1989 1363 2051 hoc
1393 2009 1508 2052 morum

291 2105 417 2158 tuorum
457 2096 631 2177 elegantiae
669 2097 831 2171 conuenit,
870 2096 964 2158 finem
1003 2096 1103 2158 luctus
1141 2097 1245 2178 potius
1282 2096 1386 2158 iacere
1422 2116 1509 2177 quam

292 2210 479 2284 expectare,
509 2222 568 2264 nec
598 2200 684 2265 illum
708 2203 844 2284 opperiri
868 2203 969 2276 diem,
998 2224 1063 2284 quo
1087 2213 1120 2265 te
1142 2203 1237 2264 inuita
1260 2202 1354 2265 dolor
1377 2203 1508 2266 desinat?

287 2310 359 2392 ipsa
381 2308 422 2372 illi
445 2312 593 2372 renuntia.

381 2417 435 2479 IX.
476 2417 571 2478 Vnde
599 2435 676 2497 ergo
700 2426 788 2480 tanta
810 2417 902 2478 nobis
924 2417 1094 2498 pertinacia
1115 2417 1146 2478 in
1170 2417 1389 2497 deploratione
1411 2414 1509 2488 nostri,
1528 2419 1534 2468 l

253 2523 318 2586 nsi
348 2523 380 2584 id
411 2545 475 2585 non
504 2523 541 2586 fit
572 2531 701 2586 naturae
731 2525 835 2586 iussu?
874 2523 961 2604 quod
992 2523 1067 2584 nihil
1097 2523 1189 2586 nobis
1227 2523 1315 2598 mali,
1351 2531 1510 2602 antequam

293 2630 424 2706 eueniat,
447 2631 669 2712 proponimus,
699 2633 755 2692 sed
779 2639 813 2692 ut
837 2631 980 2692 Inmunes
1003 2629 1060 2711 ipsi
1084 2640 1117 2692 et
1140 2630 1205 2693 aliis
1228 2629 1370 2712 pacatius
1392 2628 1511 2710 Ingressi

291 2737 349 2800 iter
387 2735 493 2800 alienis
532 2759 596 2799 non
635 2738 845 2801 admonemur
875 2737 998 2799 casibus
1030 2735 1098 2798 illos
1130 2757 1199 2800 esse
1230 2757 1423 2818 communes.
1466 2739 1537 2796 tot‘t

291 2853 417 2926 praeter
448 2846 580 2906 domum
603 2853 746 2906 nostram
770 2846 927 2906 ducuntur
949 2844 1120 2924 exequiae:
1156 2843 1196 2905 de
1220 2853 1323 2906 morte
1347 2864 1410 2905 non
1432 2842 1509 2922 cogi-
1584 2879 1585 2944 p

292 2959 403 3013 tamus
451 2961 501 3014 tot
529 2951 642 3014 acerba
670 2950 796 3013 funera:
831 2972 890 3013 nos
913 2960 1024 3031 togam
1048 2960 1228 3013 nostrorum
1252 2949 1429 3024 infantium,
1459 2968 1510 3010 nos

221 3107 228 3113 .
253 3072 278 3112 ²⁵
294 3057 433 3120 militiam
457 3066 490 3118 et
513 3067 663 3137 paternae
686 3057 868 3119 hereditatis
891 3058 1123 3119 successionem
1147 3059 1305 3138 agitamus
1321 3059 1432 3120 animo.
1467 3065 1510 3116 tot

293 3165 424 3228 diuitum
456 3163 559 3227 subita
589 3173 759 3247 paupertas
789 3165 819 3226 in
850 3163 960 3226 oculos
991 3164 1096 3225 incidit
1124 3173 1155 3226 et
1180 3162 1271 3225 nobis
1295 3183 1461 3244 numquam
1482 3162 1509 3221 in

169 3345 173 3352 ι
264 3303 277 3330 ι
294 3279 434 3334 mentem
474 3271 558 3333 uenit
595 3281 719 3334 nostras
757 3291 884 3352 quoque
923 3291 1001 3352 opes
1036 3290 1136 3352 aeque
1167 3271 1197 3332 in
1228 3269 1349 3332 lubrico
1380 3269 1506 3351 positas:

293 3497 355 3552 epp.
381 3485 429 3548 tt,
460 3486 486 3534 ll
521 3483 601 3533 omnis
631 3483 725 3533 ordinis
754 3483 867 3532 homines
898 3489 1041 3548 suggerent,
1071 3483 1152 3530 omnis
1179 3483 1303 3543 fortunae,
1331 3483 1409 3530 omnis
1432 3480 1509 3528 aetatis

391 3571 474 3624 tius
494 3569 592 3626 Gertz:
614 3572 649 3620 illi
747 3571 856 3624 3nichil
948 3573 1110 3620 ambitionem
1129 3586 1224 3622 uerum
1243 3585 1302 3622 esse
1320 3568 1425 3640 esequire
1443 3569 1508 3616 orba·

296 3663 387 3710 tionem
413 3658 562 3714 Pincianus
590 3662 748 3712 amissionem
776 3659 858 3714 Gertz
888 3662 1074 3710 damnationem
1099 3655 1230 3728 Medum
1262 3656 1435 3712 scribendum
1457 3669 1509 3707 asse

294 3748 404 3803 uidetur
424 3752 615 3800 deminuti0nem
706 3750 721 3800 t»
742 3751 890 3799 terribilibus
909 3745 1072 3800 Pincianus:
1094 3749 1208 3798 terribilis
1298 3747 1314 3800 7
1340 3747 1453 3796 decrescit
1469 3741 1508 3794 tia·

296 3838 411 3893 teriores
429 3837 566 3892 rionnulti:
588 3841 730 3889 decrescere
742 3836 811 3900 eod,
824 3835 899 3907 quod
910 3853 1023 3891 seruare
1035 3835 1123 3900 liceat,
1141 3836 1238 3906 sipost
1251 3837 1341 3886 deinde
1354 3831 1509 3888 intercidisse

294 3933 446 3982 statuamus
471 3929 542 3986 uide3
576 3929 717 3978 decrescere
742 3933 821 3992 potest
848 3926 895 3980 uei
916 3933 996 3992 potest
1021 3927 1162 3975 decrescere
1187 3923 1337 3979 deteriores
1362 3923 1410 3978 alii

293 4017 310 4072 8
329 4018 572 4068 contumacissimam
593 4017 695 4082 (cotidie
715 4017 853 4081 insurgente
873 4022 896 4066 et
915 4011 976 4064 cont‘
994 4015 1102 4064 remedia
1116 4015 1287 4066 efferuescente
1309 4016 1358 4064 tam
1379 4015 1422 4094 illst
1435 4011 1507 4060 elfici-

294 4108 418 4157 clsstmum
438 4106 465 4158 in
485 4104 610 4174 marqiue
627 4121 661 4160 m.
681 4103 739 4172 alt.)
838 4105 868 4158 Il
888 4106 938 4156 etta
1032 4104 1075 4152 illa
1094 4117 1165 4155 unus
1183 4101 1365 4156 deteriorum:
1386 4103 1429 4153 illu

297 4196 328 4248 12
348 4197 417 4247 initio
435 4194 564 4264 Lipsius:
591 4196 615 4243 in
634 4195 677 4244 illo
770 4193 893 4244 obstinata
918 4190 1084 4246 deteriores:
1112 4193 1240 4243 obstinatis
1333 4191 1364 4244 13
1383 4188 1504 4241 minutatius

295 4285 398 4350 (minuta
417 4284 444 4337 ia
460 4283 517 4352 fine
535 4297 608 4335 uers.
627 4283 655 4335 ia
678 4283 746 4349 ras.)
850 4284 908 4332 aliut
934 4282 954 4348 (t
972 4283 1000 4333 in
1019 4283 1036 4330 d
1055 4280 1139 4346 eurr.)
1244 4279 1276 4333 rt
1300 4297 1364 4331 nunc
1382 4287 1406 4330 te
1425 4276 1503 4332 Vena.

294 4369 356 4426 alt:
378 4375 421 4426 fite
435 4373 463 4438 (d
478 4386 550 4424 corr.
563 4370 591 4423 ia
604 4372 671 4437 ras.)
747 4372 778 4423 lb
791 4387 884 4421 merere
947 4373 1042 4436 inpetus
1114 4369 1149 4422 20
1162 4371 1239 4420 nichil
1312 4369 1346 4424 22
1360 4371 1504 4419 admonemur

294 4459 357 4518 Olim
377 4465 543 4518 conscium:
565 4461 682 4520 admonet
772 4460 806 4516 25
825 4461 968 4528 hereditatis
