3234 5336
296 377 520 422 CONTVMELIAM
540 379 689 422 ACCIPERE
708 377 887 423 SAPIENTEM.
906 379 977 424 XVII.
991 379 1075 424 XVIII.
1259 387 1299 449 33

93 525 234 588 hominem
257 533 368 588 natum
392 533 425 588 et
448 526 489 588 ad
510 526 605 590 risum
621 533 653 588 et
669 525 711 588 ad
727 525 845 601 odium,
869 545 1008 588 scurram
1025 524 1118 590 fuisse
1134 535 1302 590 uenustum

94 653 123 694 ac
149 633 283 694 dicacem
316 632 489 694 memoriae
517 633 679 714 proditum
704 639 759 694 est.
805 632 836 694 in
859 633 959 714 pedes
982 653 1057 696 suos
1080 633 1146 715 ipse
1169 631 1303 715 plurima

94 737 201 800 dicebat
224 747 256 800 et
279 737 309 800 in
333 735 440 800 fauces
463 738 613 801 concisae.
652 739 696 800 sic
711 737 916 814 inimicorum,
940 759 1021 820 quos
1042 737 1147 821 plures
1162 737 1304 802 habebat

93 864 171 924 quarn
201 844 345 920 morbos,
377 853 410 906 et
440 844 470 907 in
501 845 608 928 primis
639 843 799 908 Ciceronis
831 844 1041 908 urbanitatem
1070 845 1232 926 effugerat.
1278 846 1303 908 si

93 949 143 1012 hoc
162 951 262 1032 potuit
278 948 328 1012 ille
344 951 458 1014 duritia
473 951 543 1026 oris,
567 951 620 1032 qui
637 951 775 1013 adsiduis
792 951 938 1014 conuiciis
961 952 1080 1034 pudere
1100 951 1302 1027 dedidicerat,
1331 970 1343 1010 c

93 1076 137 1118 cur
162 1058 184 1118 is
215 1076 280 1118 non
311 1058 429 1139 possit,
460 1058 512 1138 qui
543 1057 654 1120 studiis
684 1057 865 1120 liberalibus
896 1067 928 1120 et
959 1058 1129 1140 sapientiae
1154 1056 1239 1122 cultu
1261 1059 1303 1120 ad

67 1161 210 1243 taliquem
256 1161 434 1245 profectum
473 1164 658 1246 peruenerit.
704 1164 793 1227 adice
831 1165 920 1246 quod
958 1184 1058 1245 genus
1095 1163 1218 1234 ultionis
1257 1173 1305 1228 est

92 1269 193 1350 eripere
217 1271 254 1345 ei,
278 1271 330 1351 qui
354 1268 434 1345 lecit,
459 1268 560 1332 factae
584 1269 794 1334 contumeliae
811 1268 1017 1353 uoluptatem.
1062 1270 1165 1332 solent
1181 1271 1301 1334 dicere:

92 1376 274 1438 omiserum
306 1380 376 1438 me!
419 1385 512 1459 puto,
543 1396 607 1438 non
630 1375 792 1440 intellexit.
838 1378 921 1440 adeo
953 1375 1071 1440 fructus
1095 1375 1304 1440 contumeliae

91 1481 115 1541 in
138 1502 226 1544 sensu
255 1491 287 1546 et
318 1481 533 1564 indignatione
565 1483 710 1566 patientis
734 1491 790 1546 est.
837 1484 952 1546 deinde
975 1503 1039 1545 non
1062 1482 1163 1547 deerit
1184 1483 1226 1546 illi
1249 1482 1302 1545 ali·
1320 1499 1345 1540 ιο

91 1589 203 1667 quando
227 1608 293 1670 par.
319 1587 514 1651 'inuenietur
536 1589 590 1669 qui
613 1597 646 1650 te
669 1609 797 1672 quoque
822 1590 967 1652 uindicet

69 1699 77 1750 i
165 1693 282 1758 XVIII.
316 1693 350 1759 C.
376 1692 493 1758 Caesar
516 1696 596 1758 Inter
620 1705 725 1758 cetera
748 1696 835 1771 uitia,
867 1695 981 1777 quibus
1004 1694 1205 1772 abundabat,
1230 1716 1304 1759 con-

92 1802 259 1865 tumeliosus
284 1804 362 1865 mira
385 1801 514 1864 libidIne
537 1800 696 1865 ferebatur
720 1804 823 1866 omnis
847 1801 950 1884 aliqua
973 1812 1049 1866 nota
1072 1801 1215 1876 feriendi,
1239 1803 1306 1885 ipse

92 1909 206 1972 materia
236 1909 315 1972 risus
343 1907 588 1988 benignissima:
637 1916 727 1971 tanta
757 1908 798 1971 illi
829 1908 956 1991 palloris
986 1909 1138 1971 insaniam
1161 1911 1305 1973 testantis

87 2012 210 2078 ioeditas
241 2024 322 2090 erat,
354 2023 442 2078 tanta
471 2013 637 2077 oculorum
668 2015 727 2077 sub
757 2013 860 2077 fronte
884 2013 955 2077 anili
977 2013 1141 2077 latentium
1164 2016 1305 2091 toruitaS,
1322 2031 1347 2070 ¹⁵

91 2129 164 2182 tanta
194 2120 304 2204 capitis
336 2121 476 2184 destituti
506 2129 539 2183 et
570 2121 776 2184 emendicatis
809 2122 924 2204 capillis
948 2121 1088 2203 adspersi
1113 2119 1305 2184 deformitas.

92 2227 168 2292 adice
189 2227 356 2290 obsessam
379 2228 454 2290 setis
478 2228 633 2291 ceruicem
657 2236 690 2289 et
705 2227 878 2290 exilitatem
895 2248 1019 2289 crurum
1036 2237 1068 2290 et
1084 2227 1305 2290 enormitatem

91 2335 203 2413 pedum.
258 2335 435 2396 inmensum
467 2342 529 2408 est,
567 2334 595 2396 si
625 2333 718 2396 uelim
750 2333 872 2414 singula
903 2332 1033 2410 referre,
1075 2353 1132 2416 per
1161 2353 1244 2414 quae
1274 2334 1305 2395 in

93 2449 225 2519 parentes
257 2459 400 2521 auosque
430 2459 505 2502 suos
537 2439 782 2502 contumeliosus
806 2438 874 2515 suit,
905 2459 962 2521 per
984 2459 1065 2521 quae
1089 2440 1119 2501 in
1144 2440 1306 2504 uniuersos

67 2545 222 2608 lordnes:
272 2565 311 2607 ea
354 2543 502 2620 referam,
541 2563 622 2628 quae
652 2544 738 2607 illum
769 2545 866 2607 exitio
901 2546 1066 2610 dederunt.
1127 2545 1305 2609 Asiaticum
1319 2560 1345 2602 20

92 2650 239 2714 Valerium
287 2651 319 2713 in
364 2651 472 2734 primis
514 2651 623 2714 amieis
659 2650 813 2727 habebat,
861 2649 999 2714 ferocem
1033 2653 1133 2714 uirum
1173 2662 1204 2715 et
1251 2652 1305 2714 uix

91 2776 180 2838 aequo
217 2759 324 2821 animo
370 2757 486 2820 alienas
537 2756 742 2820 contumelias
780 2756 924 2820 laturum.
985 2757 1058 2820 huic
1088 2759 1119 2820 in
1150 2758 1304 2833 conuiuio,

20 2919 26 2936 ,
91 2861 115 2924 id
134 2873 178 2928 est
200 2865 231 2926 in
254 2865 412 2940 contione,
437 2883 516 2926 uoce
539 2862 722 2940 clarissima,
745 2864 844 2945 qualis
867 2865 897 2926 in
921 2863 1091 2928 concubitu
1115 2873 1199 2928 esset
1222 2884 1305 2926 uxor

91 2970 152 3046 eius,
174 2971 299 3034 obiecit.
346 2971 378 3033 di
400 2969 485 3046 boni,
508 2969 571 3034 hoc
594 2972 694 3033 uirum
719 2971 827 3034 audire
850 2971 1023 3052 principem
1047 2971 1126 3034 seire
1151 2981 1184 3034 et
1204 2991 1304 3052 usque

90 3095 122 3136 eo
142 3076 297 3140 licentiam
320 3078 514 3158 peruenisse,
543 3086 591 3152 ut,
620 3098 685 3140 non
714 3079 786 3138 dico
810 3076 979 3153 consulari,
1007 3097 1072 3140 non
1096 3077 1167 3140 dico
1192 3077 1303 3152 amieo,
1318 3093 1344 3133 π

89 3184 137 3243 sed
165 3192 287 3247 tanturn
320 3184 434 3245 marito
465 3185 670 3266 princepsvet
698 3183 885 3246 adulterium
913 3203 1006 3246 suum
1035 3193 1140 3248 narret
1163 3194 1195 3247 et
1218 3182 1302 3245 fasti-

98 3358 287 3369 ᾖ..

89 3497 233 3584 1.ιιεῃιιεὶιιιη
256 3499 425 3556 Gronour‘us:
447 3507 471 3552 et
490 3510 616 3552 uenustum
721 3500 859 3554 bassiduIs
964 3502 1118 3552 dedidicerat
1136 3499 1300 3554 Eridanus:

87 3603 195 3657 didicerat
292 3610 307 3661 ii
327 3587 389 3658 curis
405 3607 481 3678 (post
499 3623 542 3658 cur
560 3607 627 3674 ras.)
720 3606 735 3660 7
755 3609 891 3672 peruenerIt
910 3579 1050 3660 Muretus:
1071 3615 1215 3673 peruenerat

137 3701 169 3734 esc

87 3746 173 3798 ultionis
285 3747 308 3814 9,
321 3750 468 3800 contumelia
586 3748 617 3804 10
636 3702 759 3814 patientisE
870 3708 952 3800 nulrit
1069 3748 1100 3802 12
1119 3749 1149 3803 C.
1169 3753 1196 3802 et
1213 3745 1257 3801 ln'o
1276 3751 1303 3802 et

86 3833 152 3902 infra
169 3837 269 3910 empti
285 3843 394 3892 secutus
406 3842 587 3908 praeceptum
601 3835 690 3902 Qudnt.
715 3842 736 3900 t,
757 3841 781 3906 7,
802 3839 834 3890 28
855 3841 881 3892 et
899 3833 1024 3907 lapidum
1043 3837 1189 3892 incisorum
1209 3840 1301 3890 auoto-

86 3921 188 3990 ritotem‚
205 3925 331 3997 quamuis
349 3924 441 3980 codex
460 3926 529 3980 Intra
548 3925 700 3980 constantio
719 3925 843 3980 omnibus
861 3923 929 3980 Iocis
948 3927 979 3982 G.
1000 3929 1089 3980 teneat
1186 3925 1218 3979 13
1238 3927 1301 3976 mica

85 4028 177 4083 libidine
193 4031 295 4097 Haase,
314 4030 445 4103 Maduiq:
467 4034 612 4088 mirabiIIter
729 4033 758 4086 15
778 4027 867 4098 iodims
894 4033 915 4102 (s
935 4049 968 4089 m.
982 4031 1042 4102 pr.)
1144 4033 1300 4096 anilie(ra5.

86 4119 156 4172 trium
172 4121 233 4190 fere
252 4113 415 4189 litterarum)
520 4121 552 4174 16
572 4123 726 4172 efirdacitatis
745 4119 796 4175 sed
814 4123 943 4172 en’rdicatis
961 4136 1098 4191 superscr.
1208 4122 1300 4186 aspersi

164 4209 246 4264 uerba
259 4211 524 4272 tanta—deformitas,
544 4225 615 4279 quoe
630 4207 712 4263 Gertz
724 4225 754 4263 se
766 4225 819 4262 non
833 4209 988 4280 tnreueqere
1000 4209 1157 4280 profitetur,
1176 4209 1251 4277 sotis,
1271 4212 1301 4261 ut

85 4295 182 4364 opinor,
202 4297 379 4369 explicantur
396 4299 430 4352 iis
448 4314 518 4368 quoe
536 4298 712 4356 Inueniuntur
731 4296 765 4352 de
784 4297 858 4353 brou.
878 4297 925 4356 uit.
949 4301 989 4360 12,
1015 4301 1029 4350 3
1051 4301 1109 4348 dum
1128 4315 1241 4352 coma..
1256 4299 1299 4347 de-

86 4384 160 4436 ficiens
178 4388 233 4438 hinc
252 4397 324 4454 atque
343 4389 409 4438 Illinc
428 4389 453 4436 in
471 4389 577 4437 frontem
597 4388 743 4452 conpellitur
840 4387 873 4440 17
891 4389 948 4451 setis
1045 4388 1211 4438 inormitatem

86 4471 113 4524 23
131 4475 156 4524 id
174 4483 207 4526 eet
223 4475 345 4548 Lipsius:
367 4477 409 4530 ide
429 4477 504 4546 (post
521 4494 535 4527 e
554 4474 621 4529 leuis
640 4477 706 4541 ras.)
827 4477 975 4528 inconcione

1069 4562 1085 4616 3
