3184 5318
352 357 431 400 DlAL.
443 356 504 400 Vlll.
532 357 575 400 nb
590 355 732 400 SERENVM
747 357 788 398 DE
802 355 884 400 OTIO.
914 360 933 418 ¹2
948 361 969 400 ἓ.
984 359 1005 402 8.
1231 363 1292 426 185

13 575 14 578 Ἴ
88 504 168 570 nostri
189 504 310 568 dicunt:
338 503 501 586 usquead
525 503 668 568 ultimum
693 502 775 566 uitae
794 483 893 566 linem
917 503 947 564 in
971 511 1042 568 actu
1066 503 1196 580 erimus,
1226 525 1290 569 non

88 613 245 676 desinemus
270 611 430 675 communi
453 610 540 675 bono
564 629 696 693 operam
720 611 812 686 dare,
835 610 983 674 adiuuare
1005 609 1161 693 singulos,
1193 633 1288 696 opem

87 719 152 782 serre
173 719 263 782 etiam
288 718 417 782 inimicis
440 716 527 782 senili
551 737 652 782 manu.
700 737 759 782 nos
782 736 907 794 sumus,
937 718 990 800 qui
1014 717 1105 782 nullis
1128 721 1215 782 annis
1239 740 1294 783 ua-

88 826 224 890 cationem
248 825 362 890 damus
386 834 418 888 et
440 826 529 907 quod
552 825 595 888 ait
618 823 669 888 ille
688 825 737 916 vuir
761 823 991 902 disertissimus,

13 915 14 918 Ἴ
477 935 605 994 canitiem
627 936 713 1010 galea
730 936 893 1012 premimus.
994 1011 998 1024 .
1312 949 1324 988 s

86 1060 133 1102 nos
160 1043 280 1116 summ,
312 1040 397 1122 apud
427 1059 507 1122 quos
531 1061 630 1121 usque
654 1059 693 1102 eo
717 1037 791 1102 nihil
814 1049 888 1104 ante
912 1047 1051 1104 mortem
1075 1040 1212 1104 otiosum
1237 1049 1296 1117 est,

86 1157 126 1222 nt,
153 1147 175 1210 si
206 1168 254 1210 res
286 1147 418 1230 patitur,
450 1168 514 1210 non
537 1148 577 1212 sit
599 1147 668 1228 ipsa
691 1166 777 1210 mors
800 1146 910 1210 otiosa.
957 1147 1032 1228 quid
1056 1146 1147 1210 nobis
1172 1147 1298 1229 Epicuri
1351 1229 1354 1240 Ι

13 1275 15 1298 ·
86 1261 238 1336 praecepta
268 1255 298 1317 in
329 1254 402 1335 ipsis
426 1253 562 1316 Zenonis
593 1235 928 1338 principiis'loqueris?
960 1253 1034 1336 quin
1058 1260 1091 1316 tu
1114 1252 1197 1316 bene
1221 1273 1297 1336 gna-

13 1381 15 1410 ⁷
62 1361 164 1446 suiten,
194 1361 218 1424 sl
242 1361 378 1441 partium
401 1359 505 1442 piget,
538 1359 707 1442 transfugis
729 1361 834 1442 potius
858 1379 954 1443 quam
978 1361 1106 1442 prodis?
1154 1360 1216 1424 hoc
1240 1361 1296 1425 tibi

86 1468 107 1528 in
141 1467 315 1549 praesentia
351 1467 571 1548 respondebo:
606 1467 758 1548 numquid
789 1467 834 1530 uis
865 1465 1013 1550 amplius,
1052 1487 1147 1549 quam
1178 1475 1213 1530 ut
1244 1487 1297 1530 me
1313 1480 1336 1522 ¹⁰

14 1571 15 1650 ς
85 1575 202 1639 similem
226 1574 358 1640 ducibus
383 1575 460 1638 meis
483 1578 663 1656 praestem?
688 1573 763 1656 quid
787 1593 865 1656 ergo
889 1577 957 1636 esti
982 1594 1046 1638 non
1068 1594 1133 1656 quo
1158 1574 1298 1650 miserint

13 1671 15 1758 l
86 1701 127 1746 me
147 1681 193 1758 illi,
211 1682 274 1772 sed
297 1702 361 1765 quo
386 1681 543 1752 duxerint,
568 1681 630 1745 ibo.

14 1783 15 1862 Ϊ
63 1803 69 1854 l
159 1790 194 1854 ll.
234 1788 308 1870 [29]
348 1778 440 1852 Nunc
470 1787 618 1870 probabo
641 1787 697 1852 tibi
721 1809 785 1851 non
808 1787 982 1852 desciscere
1005 1808 1057 1852 me
1080 1787 1297 1870 apraeceptis

85 1894 269 1971 Stoicorum
308 1916 381 1960 nam
413 1915 452 1958 ne
483 1896 540 1978 ipsi
571 1895 699 1976 quidem
731 1916 749 1958 a
780 1896 842 1958 suis
874 1895 1088 1970 desciuerunt,
1127 1903 1159 1958 et
1190 1903 1297 1958 tamen

13 2081 14 2084 Ἴ
86 2003 324 2066 excusatissimus
348 2023 460 2078 essem,
484 2003 605 2066 etiamsi
628 2023 693 2065 non
716 2010 886 2084 praecepta
908 2001 1032 2066 illorum
1057 2022 1216 2084 sequerer,
1240 2002 1297 2066 sed
1314 2016 1337 2056 ¹⁵

85 2108 225 2192 exempla.
273 2109 336 2172 hoc
367 2110 454 2191 quod
488 2109 559 2172 dico
592 2109 621 2170 in
653 2110 732 2172 duas
757 2109 895 2172 diuidam
920 2117 1043 2190 pantes:
1078 2109 1232 2192 primum.
1264 2119 1298 2172 ut

13 2243 14 2248 ¹
85 2218 171 2296 possit
193 2215 301 2298 aliquis
326 2215 374 2278 uel
398 2237 418 2278 a
440 2217 541 2297 prima
564 2224 669 2278 aetate
692 2214 951 2298 contemplationi
974 2217 1113 2280 ueritatis
1137 2225 1241 2278 totum
1263 2237 1298 2280 se

61 2324 203 2399 suadere,
227 2309 382 2386 rationem
395 2323 531 2388 uiuendi
555 2343 705 2403 quaerere
729 2332 823 2404 atque
846 2343 996 2386 exercere
1011 2332 1141 2388 secreto.
1174 2325 1298 2400 deinde,

86 2439 112 2490 ut
138 2431 234 2512 possit
263 2429 327 2492 hoc
357 2429 466 2512 aliquis
497 2430 634 2494 emeritis
665 2431 727 2494 iam
759 2430 937 2515 stipendiis.
966 2429 1155 2513 profligatae
1177 2431 1298 2507 aetatis,

85 2535 138 2598 iure
171 2539 293 2619 optimo
330 2535 432 2600 iacere
464 2545 496 2600 et
526 2538 567 2600 ad
598 2537 676 2600 alios
707 2546 795 2600 actus
827 2540 966 2601 animum
998 2536 1112 2600 referre
1143 2538 1297 2620 uirginum
1312 2549 1338 2590 ²⁰

85 2641 245 2708 Vestalium
269 2663 368 2724 more,
392 2663 473 2726 quae
497 2644 584 2730 annis
608 2645 687 2708 inter
711 2642 816 2708 officia
830 2645 935 2708 diuisis
952 2645 1075 2708 discunt
1091 2645 1193 2708 lacere
1209 2665 1298 2708 sacra
1327 2729 1329 2736 .

85 2757 110 2810 et
131 2769 198 2814 cum
223 2751 398 2814 didicerunt
420 2749 546 2815 docent.
1015 2835 1016 2840 ἵ

62 2868 67 2918 Ι
160 2857 207 2919 llI.
256 2858 330 2939 [30]
378 2857 451 2920 Hoc
475 2857 589 2922 Stoicis
621 2877 748 2939 quoque
771 2857 895 2940 placere
919 2859 1104 2933 ostendam,
1138 2879 1202 2922 non
1225 2859 1299 2938 quia

84 2962 146 3026 mihi
168 2963 271 3046 legem
295 2959 430 3028 dixerim
455 2963 529 3028 nihil
553 2973 663 3028 contra
686 2965 803 3028 dictum
821 2965 957 3028 Zenonis
975 2964 1184 3046 Chrysippiue
1209 2985 1296 3028 com·

83 3069 210 3146 mittere,
241 3072 299 3134 sed
329 3073 402 3153 quia
433 3092 482 3134 res
513 3074 593 3153 ipsa·
611 3073 726 3153 patitur
758 3091 810 3134 me
834 3072 876 3135 ire
900 3073 929 3134 in
953 3071 1075 3136 illorum
1099 3073 1337 3148 sententiarum

82 3196 164 3256 quam
187 3179 211 3242 si
234 3179 303 3259 quis
325 3199 451 3262 semper
475 3180 565 3242 unius
589 3173 744 3260 sequitur,
776 3197 839 3242 non
867 3180 897 3242 in
921 3179 1004 3242 curia
1027 3180 1084 3244 sed
1107 3179 1136 3242 in
1161 3178 1297 3243 factione
1333 3205 1335 3210 ’

82 3293 129 3346 est.
159 3288 274 3350 utinam
299 3287 427 3368 quidem
452 3286 513 3350 iam
537 3295 719 3352 tenerentur
741 3288 849 3350 omnia
872 3295 904 3350 et
928 3285 1072 3368 inoperta
1094 3306 1131 3348 ac
1154 3285 1298 3350 consessa
1374 3343 1376 3350 .

81 3393 182 3456 ueritas
205 3401 289 3456 esset
313 3391 449 3474 nihilque
473 3414 514 3456 ex
539 3393 674 3456 decretis
698 3397 911 3456 mutaremus!
939 3413 1020 3456 nunc
1043 3392 1208 3456 ueritatem
1225 3413 1296 3456 cum

57 3497 119 3558 teis
146 3501 216 3582 ipsis
239 3501 291 3581 qui
316 3501 433 3562 docent
456 3499 643 3580 quaerimus.
691 3502 772 3562 duae
797 3501 936 3562 maxime
960 3509 992 3564 et
1015 3501 1045 3562 in
1068 3499 1128 3564 hac
1151 3521 1185 3564 re
1209 3500 1295 3564 dissi-

80 3604 148 3668 dent
176 3615 297 3682 sectae,
328 3605 557 3688 Epicureorum
588 3617 619 3668 et
651 3605 850 3683 Stoicorum,
881 3607 938 3670 sed
961 3616 1100 3688 'utraque
1131 3608 1171 3669 ad
1196 3607 1296 3670 otium
1311 3621 1336 3664 no

81 3763 103 3770 —-
117 3765 278 3773 -—.----

35 3889 37 3898 .
80 3833 92 3882 :l
109 3835 208 3887 inimicis
222 3835 386 3890 deteriores:
406 3835 544 3888 inininricis.
559 3837 580 3902 (s
593 3833 703 3889 nidenan
716 3851 733 3888 α
747 3849 820 3890 corr.
833 3833 930 3889 addita
943 3837 1012 3903 asse)
1103 3838 1171 3886 senili
1186 3835 1293 3889 Haase:

80 3942 130 3990 eniri
214 3943 308 4010 6aput
399 3930 518 4022 ilignault
537 3942 563 3995 in
584 3957 638 3996 ras.
733 3944 765 3998 10
784 3945 808 3993 in
825 3945 947 4008 presentia
1042 3944 1071 3996 12
1090 3959 1130 3993 me
1147 3941 1292 4012 illiuuipo:

79 4080 104 4112 ne
121 4066 154 4114 illi
262 4068 291 4120 13
318 4067 455 4133 apreceptis
563 4067 591 4119 14
615 4069 661 4132 ipsi
682 4065 846 4122 deteriores:
868 4069 927 4134 ipsis
1024 4069 1053 4120 li
1081 4043 1188 4116 ueritati³

80 4151 108 4202 tn
126 4157 228 4208 animum
247 4155 373 4226 Lipsius:
402 4157 498 4206 animos
594 4155 623 4209 21
646 4157 730 4206 diuisis
750 4155 914 4211 deteriores:
943 4157 1024 4208 diuitis
1114 4155 1148 4208 26
1167 4159 1216 4222 quit
1235 4155 1295 4210 cori.

81 4237 155 4294 Gertz
173 4244 283 4299 coniecit
301 4247 431 4311 quoniam,
451 4242 502 4297 sed
520 4241 676 4299 liberiorem
695 4243 766 4298 dunc
784 4245 960 4300 relatiuorum
979 4261 1056 4299 usum
1076 4243 1130 4296 iam
1148 4245 1245 4298 notarri
1261 4243 1296 4299 do

79 4327 117 4381 ira
131 4333 154 4394 2,
171 4336 210 4400 27,
231 4336 245 4385 2
336 4335 360 4384 in
376 4335 442 4384 curia
455 4331 568 4388 Fickert
576 4353 582 4384 ε
604 4335 690 4383 iniuria
781 4337 888 4398 [aprione
901 4343 937 4385 est
950 4333 1080 4402 Maduiq:
1102 4334 1212 4384 factiosis

793 4435 803 4462 S

79 4468 110 4521 29
129 4476 226 4536 querlm;
320 4477 426 4526 maxime
445 4473 553 4529 Haase:
575 4478 682 4540 maxime
774 4478 879 4528 disident
