3234 5336
320 330 539 376 CONTVMELIAM
559 331 708 373 nectentes
727 331 907 376 SAPIENTEM.
927 333 1009 376 XVlll.
1029 334 1091 378 XlX.
1275 341 1318 403 35

106 480 220 558 quando
244 476 340 540 etiam
364 477 552 542 salutaribus
576 499 640 540 non
664 475 874 556 occurreinus,
898 481 976 542 dum
993 479 1152 542 muliebris
1168 501 1227 543 nos
1244 502 1319 560 cura

106 585 181 665 angit
209 582 324 666 aliquid
356 594 468 648 contra
498 587 637 649 animum
669 587 825 648 audiendi.
877 585 1046 668 aliquando
1078 587 1173 650 etiarn
1198 587 1319 662 ,obirati

105 690 274 771 potentibus
307 693 496 773 detegemus
520 691 604 756 hunc
627 691 787 755 adfectum
811 693 1031 774 intemperanti
1055 691 1207 756 libertate.
1252 713 1319 754 non

106 805 146 857 est
166 807 269 860 autem
293 795 422 860 libertas
446 797 520 861 nihil
544 800 616 882 pati.
641 797 783 861 fallimur.
831 799 958 860 libertas
982 807 1030 862 est
1053 799 1192 863 animum
1210 819 1317 881 super-

105 922 210 985 ponere
232 903 347 966 iniuriis
372 913 403 968 et
426 925 497 966 eum
515 904 618 968 facere
634 925 676 981 se,
700 925 742 967 ex
758 926 823 986 quo
839 904 909 968 solo
924 904 982 968 sibi
998 906 1167 988 gaudenda
1184 906 1318 979 ueniant,
1346 933 1359 972 u

106 1009 250 1082 exteriora
274 1011 423 1074 diducere
447 1031 465 1073 a
488 1031 531 1087 se,
554 1032 594 1074 ne
618 1013 755 1093 inquieta
778 1013 903 1092 agenda
926 1012 965 1074 sit
989 1013 1052 1073 uita
1073 1011 1214 1073 omnium
1232 1012 1318 1091 risus,

105 1117 232 1177 omniurn
248 1115 370 1198 linguas
385 1117 517 1180 timenti.
556 1119 625 1200 quis
641 1118 724 1180 enim
741 1126 798 1194 est,
821 1119 874 1198 qui
897 1138 961 1181 non
976 1119 1077 1200 possit
1093 1117 1318 1180 contumeliam

78 1220 203 1298 3lacere,
226 1224 251 1284 si
273 1225 440 1305 quisquam
464 1223 593 1306 potest?
633 1224 758 1286 diuerso
782 1233 888 1310 autern
913 1225 1054 1286 remedio
1075 1232 1180 1286 utetur
1195 1224 1319 1305 sapiens

105 1327 331 1411 adsectatorque
361 1331 547 1412 sapientiae:
588 1330 765 1412 inperfectis
797 1332 878 1393 enim
911 1339 942 1392 et
965 1331 1070 1392 adhuc
1094 1331 1134 1392 ad
1158 1329 1317 1411 publicum

104 1455 132 1494 se
160 1435 303 1498 iudicium
328 1438 535 1519 dirigentibus
559 1435 622 1500 hoc
646 1437 890 1520 proponendum
914 1447 962 1500 est
984 1439 1063 1500 inter
1086 1437 1208 1499 iniurias
1232 1437 1317 1518 ipsos
1335 1461 1358 1502 ro

104 1542 360 1624 contumeliasque
384 1543 502 1607 debere
526 1545 657 1608 uersari:
692 1545 799 1606 omnia
821 1543 939 1607 leuiora
962 1545 1106 1606 accident
1122 1543 1317 1624 expectanti-

104 1647 162 1709 bus.
204 1670 266 1730 quo
291 1651 424 1730 quisque
447 1650 610 1713 honestior
633 1671 758 1732 genere,
782 1649 875 1726 fama,
898 1650 1089 1732 patrimonio
1114 1658 1174 1725 est,
1198 1647 1261 1711 hoc
1283 1669 1318 1710 se

48 1813 52 1824 ,
103 1751 201 1816 lortius
230 1765 334 1834 gerat,
367 1777 491 1820 memor
521 1758 552 1819 in
582 1759 683 1839 prima
714 1758 780 1819 acie
810 1756 891 1820 altos
920 1757 1046 1819 ordines
1068 1765 1161 1819 stare.
1208 1765 1316 1818 contu-

104 1860 201 1922 melias
223 1871 255 1924 et
278 1862 378 1925 uerba
400 1864 557 1944 probrosa
580 1871 613 1925 et
636 1864 823 1944 ignominias
847 1872 879 1926 et
903 1871 1008 1926 cetera
1032 1862 1319 1926 dehonestamenta

104 1965 179 2028 uelut
214 1967 388 2030 clamorem
427 1969 565 2032 hostium
597 1969 684 2050 ¹ierat
721 1979 754 2032 et
784 1969 956 2051 longinqua
980 1969 1050 2032 ¹tela
1080 1978 1113 2031 et
1141 1989 1221 2032 saxa
1251 1969 1317 2030 sinc
1334 1993 1357 2033 ru

104 2072 220 2135 uolnere
242 2076 324 2137 circa
352 2073 459 2162 galeas
476 2077 667 2158 crepitantia.
698 2077 821 2138 iniurias
837 2096 913 2138 uero
930 2084 964 2137 ut
980 2075 1117 2149 uolnera,
1141 2074 1200 2137 alia
1215 2076 1318 2149 armis,

105 2178 157 2240 alia
176 2181 293 2261 pectori
317 2181 423 2257 infixa,
447 2202 511 2245 non
535 2183 683 2258 deiectus,
707 2201 748 2244 ne
772 2191 878 2245 motus
894 2183 1021 2264 quidem
1040 2182 1141 2263 gradu
1158 2182 1317 2244 sustineat.

106 2286 214 2348 etiamsi
242 2290 397 2368 premeris
424 2298 457 2350 et
487 2288 599 2350 infesta
627 2291 656 2351 ui
688 2290 819 2370 urgeriS,
851 2291 965 2352 cedere
995 2298 1104 2351 tamen
1135 2298 1226 2370 turpe
1251 2297 1315 2351 est:

107 2392 292 2474 adsignatum
317 2414 336 2455 a
359 2404 470 2457 natura
493 2395 598 2472 locum
623 2405 717 2458 tuere.
759 2395 883 2476 quaeris
905 2396 974 2476 quis
997 2393 1048 2457 hic
1063 2396 1103 2458 sit
1119 2394 1227 2458 locus?
1254 2394 1318 2456 uiri.

78 2499 221 2580 lsapienti
244 2500 330 2563 aliud
353 2501 502 2564 auxilium
527 2511 575 2564 est
598 2502 669 2564 huic
689 2503 888 2565 contrarium.
927 2502 986 2564 uos
1011 2503 1094 2564 enim
1119 2522 1187 2564 rem
1204 2500 1319 2582 geritis,
1333 2523 1360 2563 no

107 2602 140 2664 illi
164 2615 250 2687 parta
282 2608 411 2670 uictoria
441 2617 498 2670 est.
544 2629 584 2670 ne
615 2617 789 2690 repugnate
818 2617 924 2671 uestro
948 2609 1036 2671 bono
1060 2617 1092 2670 et
1116 2607 1197 2670 hanc
1220 2627 1320 2689 spem,

109 2710 170 2774 dum
201 2716 241 2776 ad
274 2735 386 2776 uerum
417 2715 615 2798 peruenistis,
654 2713 727 2776 alite
758 2715 788 2776 in
820 2715 930 2810 animis
961 2714 1158 2795 libentesque
1189 2713 1320 2776 meliora

108 2819 228 2900 excipite
251 2829 285 2883 et
309 2821 458 2904 opinione
481 2841 519 2885 ac
543 2829 620 2883 uoto
645 2822 769 2883 iuuatc:
811 2842 880 2884 esse
902 2820 1038 2903 aliquem
1062 2820 1224 2894 inuictum,
1249 2839 1318 2882 esse

107 2923 241 3005 aliquem,
286 2929 317 2990 in
361 2949 455 3009 quem
499 2927 574 2990 nihil
609 2927 735 2990 fortuna
772 2929 884 3009 possit,
931 2947 949 2988 e
991 2924 1151 3009 republica
1196 2925 1320 3006 generis

108 3027 219 3094 humani
242 3041 299 3095 est.

109 3241 120 3292 t
136 3245 268 3314 gaudenda]
288 3259 322 3297 ne
341 3259 437 3297 martra
456 3244 492 3297 sit
510 3245 655 3308 sententia,
681 3243 853 3298 adiciendum
878 3259 937 3297 esse
956 3241 1066 3296 uidetur
1085 3244 1193 3293 dolenda

108 3329 121 3380 t
136 3331 241 3383 diducere
256 3331 352 3386 Gertz:
374 3335 495 3384 deducere
627 3335 712 3383 risus*
836 3332 852 3385 9
872 3335 1025 3397 affectatorq3
1160 3331 1193 3384 12
1212 3333 1320 3381 onestior

200 3421 231 3474 13
250 3421 493 3492 interpunctionem
517 3422 642 3476 correxit
663 3419 758 3488 Gertz,
779 3419 835 3489 fuit
859 3427 936 3486 gerat.
962 3438 1058 3470 mernor
1151 3426 1215 3470 stare
1234 3425 1320 3470 eontu-

108 3509 179 3559 melias
287 3509 320 3562 16
339 3511 437 3564 uulnere
543 3511 642 3561 uulnera
752 3511 784 3562 111
803 3511 915 3559 infestaui
938 3507 963 3562 dr
988 3525 1074 3574 urgere
1188 3508 1220 3562 19
1239 3509 1320 3574 queris

181 3598 214 3652 20
232 3609 268 3650 est
287 3599 366 3666 (raa.)
455 3599 488 3653 23
509 3601 613 3664 aliquem
633 3593 771 3653 Muretus:
794 3600 886 3664 aliquid
970 3597 1004 3652 24
1023 3615 1037 3648 e
1056 3599 1200 3663 republica
1218 3599 1321 3647 humani

107 3689 187 3747 generis
205 3696 239 3740 est
261 3686 357 3742 Currit:
379 3690 537 3754 erepublica
556 3698 602 3742 est.
622 3691 718 3753 generis
737 3690 837 3738 humani
857 3693 899 3741 est.
