3234 5336
357 373 580 416 CONTVMELlAM
600 375 747 416 nectatur:
767 373 947 418 SAPIENTEM.
968 375 1007 416 lll.
1023 374 1060 418 IV,
1280 385 1316 444 ¹9

70 525 80 576 l
98 521 241 602 numquid
259 521 392 582 dubium
409 529 465 596 est,
489 521 561 602 quin
580 521 693 583 certius
709 522 805 583 robur
821 523 860 582 sit
876 521 963 602 quod
988 541 1051 584 uon
1076 523 1206 584 uincitur
1221 543 1317 602 quam

97 630 175 709 quod
198 649 265 689 non
290 627 468 702 lacessitur,
493 647 564 690 cum
589 627 704 690 dubiae
728 629 789 690 sint
813 629 893 690 uires
917 630 1116 710 inexpertae,
1148 639 1180 691 at
1204 631 1317 694 merito

98 735 263 796 certissima
287 733 417 796 firmitas
440 734 607 809 habeatur,
639 754 721 815 quae
752 735 854 797 omnis
878 735 1017 796 incursus
1041 737 1178 816 respuit?
1217 737 1260 798 sic
1283 747 1317 799 tu

98 843 264 922 sapientem
289 841 427 904 melioris
458 841 537 904 scito
566 861 635 904 esse
659 851 804 916 naturae,
835 841 861 902 si
892 840 975 904 nulla
1006 841 1046 902 illi
1079 842 1185 904 iniuria
1216 853 1318 918 nocet,

99 969 183 1029 quam
208 950 235 1010 si
260 948 345 1010 nulla
369 948 410 1010 fit,
453 957 484 1010 et
517 947 601 1010 illum
626 946 742 1010 sortem
767 949 866 1011 uirum
891 950 1004 1024 dicam,
1028 969 1124 1029 quem
1149 948 1232 1011 bella
1255 969 1345 1010 nona

98 1055 238 1140 subigunt
270 1076 329 1118 nec
362 1056 494 1117 admota
518 1054 562 1116 uis
587 1055 707 1117 hostilis
731 1063 888 1130 exterret,
920 1075 984 1118 non
1008 1037 1195 1136 cuipingue
1219 1057 1317 1118 otium

71 1164 82 1212 i
98 1173 138 1224 est
159 1163 240 1225 inter
271 1163 397 1224 desides
429 1160 573 1243 populos
619 1162 681 1223 hoc
710 1162 803 1243 igitur
827 1162 916 1236 dic0,
948 1163 1121 1244 sapientem
1154 1161 1227 1224 nulli
1251 1183 1319 1224 esse

98 1268 213 1330 iniuriae
239 1269 427 1331 obnoxium.
473 1269 579 1349 itaque
612 1288 675 1330 non
700 1267 809 1344 refert,
840 1287 935 1349 quam
969 1268 1068 1330 multa
1091 1269 1120 1331 in
1145 1267 1229 1330 illum
1255 1269 1316 1330 coi-

98 1377 207 1438 ciantur
238 1374 318 1450 tela,
358 1395 429 1437 cum
468 1375 507 1437 sit
545 1372 618 1436 nulli
650 1373 858 1455 penetrabilis.
905 1375 1073 1455 quomodo
1116 1377 1317 1455 quorundam

98 1482 229 1563 lapidum
261 1480 512 1564 inexpugnabilis
537 1479 618 1542 lerro
655 1481 768 1543 duritia
792 1491 840 1543 est
871 1501 929 1542 nec
967 1483 1064 1544 secari
1104 1484 1234 1543 adamas
1265 1489 1319 1542 aut
1336 1497 1359 1536 ιο

99 1591 177 1650 caedi
207 1588 257 1650 uel
290 1589 389 1651 deteri
418 1596 524 1668 potest
560 1589 617 1648 sed
649 1584 838 1649 incurrentia
869 1587 950 1649 ultro
984 1589 1134 1662 retundit,
1166 1589 1318 1668 quemad-

99 1697 222 1757 modum
247 1696 406 1776 quaedam
432 1715 495 1756 non
518 1703 652 1776 possunt
680 1694 751 1774 igne
775 1696 917 1756 consumi
946 1695 1003 1754 sed
1033 1693 1162 1756 flamma
1192 1695 1320 1756 circum·

100 1804 157 1866 lusa
179 1805 318 1884 rigorem
335 1822 426 1864 suum
444 1801 651 1882 habitumque
669 1809 869 1876 conseruant,
893 1801 1167 1881 quemadmodum
1191 1800 1320 1881 proiecti

99 1911 219 1990 quidam
252 1910 282 1970 in
314 1908 412 1971 altum
444 1907 564 1990 scopuli
596 1921 682 1970 mare
718 1905 866 1988 frangunt
902 1928 960 1969 nec
991 1908 1046 1988 ipsi
1081 1905 1142 1969 ulla
1173 1907 1321 1982 saeuitiae¹

100 2016 222 2097 uestigia
259 2025 307 2078 tot
349 2015 504 2077 uerberati
541 2013 672 2076 saeculis
710 2023 889 2076 ostentant:
932 2015 974 2076 ita
1012 2013 1160 2096 sapientis
1199 2014 1320 2075 animus
1336 2029 1360 2070 rs

101 2123 208 2185 solidus
240 2131 289 2184 est
321 2131 353 2184 et
385 2122 416 2183 id
448 2121 571 2183 roboris
602 2120 755 2200 conlegit,
792 2130 826 2182 ut
857 2131 922 2182 tam
954 2129 1040 2182 tutus
1072 2121 1110 2182 sit
1142 2120 1182 2182 ab
1216 2120 1322 2181 iniuria
1389 2125 1392 2134 “

103 2251 189 2309 quarn
212 2229 264 2291 illa
287 2249 368 2309 quae
393 2227 504 2290 rettuli.

76 2349 85 2398 t
182 2335 237 2398 IV.
262 2333 349 2416 Quid
368 2337 471 2415 ergo?
504 2355 567 2396 non
600 2335 657 2395 erit
688 2333 797 2412 aliquis
828 2333 879 2414 qui
904 2333 1035 2414 sapienti
1059 2331 1162 2394 lacere
1186 2340 1322 2413 temptet

103 2433 253 2504 iniuriam?
278 2441 456 2522 temptabit,
481 2442 626 2503 sednon
654 2449 875 2521 peruenturam
900 2442 940 2500 ad
966 2460 1047 2502 eum.
1095 2439 1213 2500 maiore
1237 2439 1320 2499 enim

105 2547 254 2610 interuallo
278 2567 297 2610 a
321 2556 470 2610 contactu
502 2545 682 2610 inferiorum
711 2546 867 2609 abductus
892 2555 956 2620 est,
988 2566 1084 2627 quam
1117 2555 1150 2606 ut
1182 2544 1243 2610 ulla
1269 2545 1319 2608 uis
1335 2560 1360 2600 ro

106 2656 190 2716 noxia
220 2675 319 2736 usque
351 2656 392 2715 ad
423 2653 509 2716 illurn
543 2653 623 2716 uires
654 2673 726 2715 suas
757 2651 902 2734 perierat.
950 2652 1045 2714 etiam
1078 2672 1149 2713 cum
1175 2660 1321 2731 potentes

109 2771 134 2821 et
154 2762 281 2843 imperio
306 2763 380 2823 editi
405 2770 437 2823 et
453 2780 608 2823 consensu
625 2760 826 2821 seruientium
850 2759 942 2822 ualidi
964 2779 1079 2820 nocere
1104 2759 1131 2820 ei
1148 2757 1321 2832 intendent,

108 2877 163 2928 tam
185 2868 259 2930 citra
284 2868 470 2949 sapientiam
494 2865 608 2930 omnes'
631 2887 740 2928 eorum
771 2867 894 2948 inpetus
919 2865 1080 2940 deficient,
1113 2885 1209 2945 quam
1240 2883 1321 2944 quae

110 2994 194 3036 neruo
217 2975 421 3036 tormentisne
446 2975 475 3036 in
499 2973 597 3036 altum
622 2973 857 3053 exprimuntur,
876 2960 961 3034 ⁸cum
994 2981 1086 3034 extra
1110 2972 1209 3032 uisum
1234 2968 1319 3031 exili-

81 3091 199 3156 ·2erunt,
227 3083 304 3145 citra
328 3080 449 3143 caelum
473 3090 580 3144 tamen
605 3079 779 3141 flectuntur.
819 3079 916 3160 quid?
948 3087 982 3140 tu
1010 3088 1102 3160 putas
1133 3086 1225 3152 tum,
1249 3095 1320 3139 cum
1335 3100 1362 3140 es

111 3187 226 3250 stolidus
266 3187 317 3250 ille
355 3209 413 3249 rex
452 3187 650 3250 multitudine
668 3184 825 3270 ,telorum
864 3185 948 3247 diem
988 3184 1188 3260 obscuraret,
1226 3182 1321 3246 ullam

112 3294 242 3373 sagittam
274 3295 304 3355 in
336 3291 437 3356 solem
469 3293 632 3355 incidisse?
672 3301 724 3354 aut
757 3293 899 3354 demissis
930 3291 960 3352 in
989 3290 1181 3373 profundum
1205 3289 1322 3352 catenis

114 3398 277 3480 Neptunum
296 3401 437 3482 potuisse
458 3400 617 3481 contingi?
651 3408 684 3460 ut
701 3397 847 3460 caelestia
863 3398 1016 3460 humanas
1039 3419 1152 3460 manus
1168 3395 1323 3476 effugiunt

114 3514 140 3566 et
159 3505 195 3568 ab
218 3508 264 3569 his
287 3509 340 3588 qui
364 3505 484 3588 templa
507 3507 633 3568 diruunt
656 3525 693 3566 ac
718 3504 884 3567 simulacra
908 3504 1047 3567 conflant
1075 3503 1148 3565 nihil
1172 3503 1323 3567 diuinitati

115 3623 235 3688 nocetur,
259 3616 301 3676 ita
318 3613 471 3694 quidquid
490 3610 525 3674 fit
548 3613 579 3674 in
595 3613 770 3693 sapientem
786 3622 942 3694 proterue,
967 3610 1154 3692 petulanter,
1178 3609 1323 3691 superbe,
1338 3635 1363 3676 sn

91 3735 101 3782 :t
115 3713 212 3782 frustra
235 3728 415 3801 temptatur.
463 3730 496 3782 at
519 3720 614 3781 satius
639 3727 705 3782 erat
730 3720 888 3782 neminem
921 3739 989 3780 esse
1020 3718 1072 3799 qui
1096 3716 1198 3780 lacere
1223 3716 1322 3778 uellet.

120 3927 217 3996 lnunqd
318 3927 391 3983 car*
492 3933 508 3982 :t
528 3937 640 3996 queots,
661 3943 803 3999 suprascr.
823 3946 856 3982 m.
877 3945 931 3984 rec.
952 3947 1014 3995 pes
1116 3873 1234 3981 ballota

121 4068 142 4119 ll
165 4019 302 4136 quaalnodu
323 4075 349 4140 (d
369 4090 403 4129 m.
419 4073 478 4143 pr.)
564 4071 601 4124 lb'
615 4073 687 4122 seclis
766 4055 796 4124 ld
815 4071 914 4135 collegit
935 4069 976 4124 etl.
998 4069 1099 4140 Neup.:
1121 4071 1217 4136 colligit
1292 4067 1324 4120 li

120 4212 176 4260 retuli
194 4213 265 4284 (post
283 4233 308 4265 re
327 4215 392 4281 rus.)
471 4214 505 4267 20
523 4159 563 4264 ula
644 4215 678 4266 ‘22
698 4215 759 4279 editi
830 4215 935 4278 imperio
955 4213 1058 4277 praediti
1079 4208 1234 4263 dubitanter
1247 4205 1323 4260 Isoolt

165 4302 183 4348 ei
201 4301 301 4357 addidit
321 4302 475 4358 Gronovius
535 4303 568 4356 ‘24
588 4303 714 4353 exilierunt
732 4301 775 4355 ed.
795 4301 891 4370 Neap,
906 4298 1034 4370 Madm'q:
1056 4300 1174 4348 exilierint
1230 4299 1268 4378 ‘lli¹
1279 4298 1324 4346 ob-

124 4377 211 4438 turam
233 4393 256 4456 (c
281 4409 312 4449 m,
330 4394 385 4463 pr.)
489 4391 522 4444 ‘27
548 4392 660 4442 demissis
687 4387 847 4444 Pincianus:
875 4391 982 4438 dimissis
1083 4388 1116 4438 29
1144 4386 1219 4434 nichil

130 4471 156 4518 :tn
171 4479 271 4542 quicquid
358 4485 437 4547 lupo,
529 4480 558 4531 :tt
582 4463 690 4547 alsatios
709 4485 876 4548 suprascm

1074 4563 1111 4614 2*
