3234 5336
257 366 295 426 Μ
467 355 547 400 nint.
568 357 585 402 i.
608 357 709 410 QVARE
727 357 838 408 nuova
858 355 1045 398 lNCOMMODA
1065 354 1154 396 BONIS
1173 355 1251 397 VIRIS

253 504 369 586 flagitia
401 513 432 568 et
471 505 678 584 cogitationes
716 503 866 586 inprobas
903 513 935 566 et
973 502 1064 566 auida
1095 503 1223 566 consilia
1252 510 1286 567 et
1315 481 1480 568 libidinem

253 631 380 674 caecam
404 619 437 674 et
459 607 560 674 alieno
585 612 788 674 inminentem
812 611 983 673 auaritiam.
1023 611 1109 692 ipsos
1131 619 1237 674 tuetur
1260 631 1297 674 ac
1322 612 1477 674 uindicat:

253 718 407 798 numquid
437 717 500 780 hoc
529 738 657 798 quoque
680 717 789 799 aliquis
812 719 916 780 adeo
940 717 1052 797 exigit,
1083 726 1117 778 ut
1147 718 1306 782 bonorum
1338 718 1480 780 uirorum

254 824 348 886 etiam
372 826 507 886 sarcinas
533 827 657 886 seruet?
691 825 854 886 remittunt
886 824 943 905 ipsi
974 823 1056 886 hanc
1086 823 1149 885 deo
1173 843 1296 886 curam:
1344 831 1482 886 externa

227 939 468 992 seontemnunt.
513 931 716 992 Democritus
744 931 866 992 diuitias
890 930 1020 1011 proiecit
1043 948 1124 991 onus
1147 928 1213 992 illas
1236 928 1340 992 bonae
1363 931 1481 992 mentis
1500 933 1518 983 ‘2

255 1037 455 1102 existimans:
489 1038 565 1117 quid
596 1057 673 1118 ergo
707 1037 842 1110 miraris,
873 1037 898 1096 si
928 1036 960 1097 id
992 1037 1070 1098 deus
1108 1035 1195 1097 bono
1235 1037 1301 1098 uiro
1336 1037 1480 1098 accidere

254 1143 378 1223 patitur,
401 1144 489 1222 quod
513 1143 559 1204 uir
574 1142 677 1204 bonus
693 1142 862 1224 aliquando
886 1141 953 1203 uolt
973 1140 1031 1202 sibi
1047 1141 1210 1204 accidere?
1235 1141 1315 1204 filios
1330 1144 1480 1204 amittunt

255 1249 309 1310 uiri
326 1249 419 1310 boni:
445 1249 562 1329 quidni,
586 1269 658 1311 cum
676 1248 845 1329 aliquando
862 1257 893 1310 et
910 1247 1073 1310 occidant?
1097 1249 1128 1309 in
1149 1249 1276 1312 exilium
1293 1249 1477 1311 mittuntur:

254 1355 376 1435 quidni,
415 1375 486 1417 cum
518 1354 687 1436 aliquando
717 1355 773 1437 ipsi
806 1355 939 1436 patriam
979 1374 1042 1416 non
1080 1355 1241 1436 repetituri
1280 1356 1479 1436 relinquant?

218 1476 240 1516 ιο
254 1462 457 1523 occiduntur:
498 1461 622 1542 quidni,
659 1474 731 1524 cu'm
770 1460 939 1542 aliquando
973 1461 1031 1542 ipsi
1065 1460 1124 1524 sibi
1163 1481 1275 1524 manus
1312 1461 1480 1524 adferant?

254 1587 351 1647 quare
388 1569 545 1648 quaedam
585 1570 663 1630 dura
700 1569 878 1649 patiuntur?
933 1576 966 1629 ut
1003 1567 1079 1630 alios
1110 1569 1175 1648 pati
1214 1570 1358 1632 doceant.
1412 1570 1481 1632 nati
1501 1575 1519 1620 ³²

254 1682 326 1735 sunt
349 1673 379 1734 in
403 1657 574 1756 exemplar.
620 1684 697 1756 puta
720 1675 825 1754 itaque
849 1676 944 1736 deum
974 1675 1094 1736 dicere:
1128 1675 1204 1756 quid
1234 1674 1358 1738 habetis
1388 1677 1482 1756 quod

255 1782 296 1840 de
319 1799 370 1842 me
393 1781 481 1859 queri
504 1781 629 1860 possitis
653 1801 710 1842 uos
733 1781 845 1858 quibus
870 1789 955 1842 recta
974 1779 1176 1862 placuerunt?
1204 1780 1270 1844 aliis
1293 1782 1377 1844 bona
1400 1779 1483 1844 falsa

254 1887 446 1948 circumdedi
477 1896 516 1948 et·
539 1888 661 1950 animos
693 1887 799 1948 inanes
831 1886 916 1949 uelut
943 1886 1041 1968 longo
1065 1886 1229 1967 fallacique
1250 1889 1374 1950 somnio
1398 1888 1479 1949 lusi:

217 2016 240 2056 u
254 2013 331 2054 auro
355 1991 423 2054 illos
446 2001 479 2054 et
501 2001 635 2074 argento
659 2002 690 2055 et
714 1992 811 2056 ebore
835 1994 1001 2066 adornaui,
1025 1994 1107 2058 intus
1130 1993 1205 2055 boni
1228 1993 1303 2055 nihil
1326 2003 1380 2056 est.
1428 1994 1482 2055 isti
1501 1997 1517 2048 1

254 2121 335 2180 quos
358 2119 419 2180 pro
442 2097 581 2161 felicibus
605 2100 772 2180 adspicitiS,
795 2100 820 2160 si
843 2119 906 2160 non
930 2119 993 2179 qua
1012 2109 1191 2174 occurrunt,
1214 2100 1273 2161 sed
1295 2121 1358 2181 qua
1380 2101 1485 2162 latent

254 2207 407 2281 uideritis,
438 2207 541 2267 miseri
564 2219 652 2280 sunt,
683 2205 818 2281 sordidi,
850 2216 972 2286 turpes,
1001 2206 1042 2266 ad
1066 2205 1299 2268 similitudinem
1322 2207 1484 2288 parietum

255 2333 384 2374 suorum
408 2312 601 2374 extrinsecus
625 2311 706 2373 culti.
753 2332 817 2372 non
849 2320 897 2373 est
928 2311 987 2374 ista
1008 2311 1109 2375 solida
1132 2321 1164 2376 et
1187 2314 1309 2375 sincera·
1329 2311 1482 2376 felicitas:

256 2429 360 2480 crusta
391 2427 439 2480 est
470 2426 502 2479 et
532 2419 660 2499 quidem
696 2419 802 2480 tenuis.
849 2419 954 2497 itaque
985 2420 1062 2481 dum
1093 2417 1150 2480 illis
1182 2418 1253 2481 licet
1276 2428 1360 2481 stare
1383 2430 1416 2482 et
1439 2422 1485 2482 ad

216 2555 242 2594 :¹0
256 2525 417 2587 arbitrium
450 2544 540 2586 suum
572 2525 712 2598 ostendi,
744 2525 842 2586 nitent
873 2533 905 2586 et
934 2526 1103 2606 inponunt,
1139 2545 1211 2596 cum
1235 2527 1351 2607 aliquid
1374 2527 1486 2588 incidit

255 2631 343 2711 quod
368 2631 523 2692 disturbet
546 2651 583 2692 ac
607 2631 752 2710 detegat,
784 2639 858 2692 tunc
890 2639 1021 2712 apparet
1044 2641 1197 2712 quantum
1221 2632 1303 2694 altae
1326 2651 1364 2694 ac
1387 2653 1486 2696 uerae

255 2737 412 2800 foeditatis
449 2735 566 2798 alienus
596 2737 746 2819 splendor
781 2736 990 2800 absconderit.
1044 2737 1134 2800 uobis
1166 2739 1238 2799 dedi
1268 2739 1355 2800 bona
1387 2749 1485 2814 certa,
1508 2752 1527 2800 f»

256 2863 418 2918 mansura,
448 2855 568 2924 quanto
599 2845 699 2924 magis
731 2845 901 2907 uersauerit
931 2843 1040 2925 aliquis
1071 2854 1104 2906 et
1134 2846 1271 2925 undique
1302 2846 1488 2926 inspexerit,

256 2948 386 3011 meliora
417 2951 608 3030 maioraque.
654 2951 781 3030 permisi
812 2950 903 3012 uobis
939 2951 1111 3013 metuenda
1142 2962 1364 3026 contemnere,
1397 2954 1487 3032 cupi-

215 3083 242 3124 25
256 3057 370 3118 ditates
401 3055 546 3117 fastidire.
593 3077 657 3118 non
689 3057 814 3137 fulgetis
837 3057 1048 3131 extrinsecus,
1079 3057 1164 3118 bona
1196 3070 1299 3119 uestra
1330 3059 1489 3120 introrsus

257 3162 392 3223 obuersa
423 3171 503 3223 sunt.
549 3163 593 3223 sic
624 3165 760 3225 mundus
791 3163 950 3224 exteriora
987 3164 1178 3245 contempsit
1216 3162 1396 3245 spectaculo
1435 3167 1489 3226 sui

256 3265 366 3330 laetus.
410 3268 492 3329 intus
522 3288 619 3348 omqe
649 3270 739 3350 posui
772 3269 902 3332 bonum.
957 3289 1021 3331 non
1052 3289 1147 3349 egere
1178 3268 1322 3332 felicitate
1353 3269 1489 3332 felicitas

257 3381 361 3435 uestra
391 3382 447 3435 est.
509 3383 541 3435 at
572 3373 671 3436 multa
701 3376 840 3436 incidunt
878 3375 991 3451 tristia,
1023 3375 1196 3451 horrenda,
1228 3379 1307 3438 dura
1337 3377 1531 3448 toleratur:

257 3480 413 3559 quianon
437 3488 582 3560 poteram
613 3501 671 3542 uos
702 3481 766 3543 istis
797 3482 988 3555 subducere,
1025 3483 1148 3543 animos
1178 3492 1301 3545 uestros
1331 3484 1490 3546 aduersus

217 3615 242 3654 :u
257 3586 363 3646 omnia
393 3587 520 3647 armani.
565 3584 641 3648 ferte
672 3585 802 3649 fortiter.
856 3586 919 3649 hoc
956 3597 1005 3650 est
1042 3608 1106 3668 quo
1143 3589 1238 3650 deum
1269 3591 1485 3654 antecedatis:

259 3885 363 3938 2cecd.
436 3843 527 3934 uindicat
547 3885 573 3951 (n
586 3903 619 3939 m.
634 3886 700 3952 rec.)
779 3889 899 3953 dnunqd
971 3888 1118 3958 dsiqnum
1137 3888 1327 3960 interroqande'
1339 3898 1404 3959 post
1423 3909 1491 3958 ergo

259 4025 369 4080 sustulit
384 4023 538 4079 Gronovius
585 3982 734 4092 sfirepeiurt
792 4028 824 4080 10
837 4031 939 4080 afferant
989 4030 1021 4082 16
1034 4031 1161 4095 adspicitis
1174 4035 1200 4084 ct
1217 4032 1247 4084 lt
1262 4031 1488 4104 uiderinsNeap.:

257 4117 365 4181 adspicis
383 4122 411 4168 et
428 4117 519 4165 uideris
588 4117 619 4168 16
638 4118 731 4182 sedqua
793 4118 828 4170 20
846 4120 973 4183 imponunt
1046 4120 1078 4172 21
1099 4122 1198 4185 detegat
1217 4120 1253 4186 (at
1265 4121 1293 4173 in
1309 4122 1366 4190 fine
1383 4139 1492 4178 uersus

256 4219 291 4260 m,
309 4201 355 4256 ale.
375 4200 494 4268 addidit)
568 4205 601 4257 22
620 4206 727 4270 feditatis
802 4207 835 4259 25
860 4199 976 4275 fulgetitis
1045 4208 1079 4262 21
1099 4211 1169 4274 posui
1182 4208 1307 4280 lipsius:
1329 4215 1411 4278 posuit

257 4344 374 4394 felicitate
392 4346 470 4414 (post
488 4346 581 4412 eras.)
642 4346 676 4402 28
696 4301 804 4398 admulta
867 4331 966 4426 tristitia
1032 4347 1154 4418 toteraitu
1168 4351 1492 4422 (pasturas.,sortasse

254 4447 310 4517 suit
329 4451 350 4516 r)
428 4451 462 4504 29
482 4433 534 4502 istis
605 4453 639 4506 30
658 4455 824 4518 antecedatis
