3212 5318
278 361 342 427 292
512 359 592 405 DIAL.
602 359 655 402 x11.
684 361 725 402 AD
741 358 894 400 POLYRlVM
909 359 949 400 DE
964 359 1206 403 CONSOLATIONE.
1236 362 1269 403 18.

278 507 366 584 rati0,
390 508 415 569 si
438 509 470 570 id
494 527 590 570 unum
615 528 656 570 ex
680 506 801 582 dolore,
824 509 911 588 quod
936 517 968 570 et
990 517 1132 591 superest
1155 516 1187 569 et
1202 509 1351 584 abundat,
1375 509 1502 570 excide-

279 617 335 678 rit:
369 626 404 678 ut
426 617 554 698 quidem
579 615 696 677 nullum
722 617 853 678 omnino
877 635 946 678 esse
970 637 1040 677 eum
1065 617 1209 697 patiatur,
1232 637 1290 678 nec
1310 619 1502 697 sperandum

279 721 329 784 ulli
353 743 410 784 nec
434 723 720 804 concupiscendum
745 733 801 783 est.
848 722 930 784 hunc
953 723 1058 804 potius
1082 725 1213 784 modum
1235 732 1347 798 seruet,
1370 725 1423 804 qui
1446 743 1504 782 nec
1585 800 1586 804 Ἰ

278 831 459 910 inpietatem
491 830 629 891 imitetur
652 849 711 891 nec
734 821 885 891 insaniam
910 839 942 890 et
966 850 1025 890 nos
1048 831 1078 890 in
1102 849 1141 890 eo
1165 841 1271 891 teneat
1295 829 1419 903 habitu,
1452 830 1503 909 qui
1585 809 1586 824 ¹

251 947 310 999 set
340 939 411 1017 piae
442 938 555 998 mentis
587 945 634 997 est
658 955 716 998 nec
740 945 885 998 emotae:
918 935 1017 997 fluant
1042 936 1202 1010 lacrimae,
1233 938 1290 998 sed
1314 938 1448 998 eaedem
1474 947 1504 997 et

278 1043 429 1106 desinant.
476 1043 639 1105 trahantur
663 1063 705 1104 ex
722 1043 787 1104 imo
804 1044 939 1124 gemitus
955 1052 1094 1125 pectore,
1118 1045 1175 1104 sed
1191 1043 1285 1104 iidem
1302 1053 1333 1104 et
1349 1043 1503 1105 finiantur.

278 1152 321 1214 sic
351 1171 427 1231 rege
459 1151 597 1212 animum
621 1159 727 1225 tuum,
758 1160 793 1212 ut
817 1159 849 1212 et
872 1151 1065 1232 sapientibus
1088 1159 1121 1212 te
1144 1150 1322 1231 adprobare
1346 1151 1449 1231 possis
1474 1160 1504 1211 et
1586 1169 1587 1242 j

278 1256 431 1319 iratribus.
479 1257 583 1331 effice,
608 1268 642 1319 ut
665 1256 845 1339 frequenter
867 1257 969 1320 fratris
993 1259 1037 1318 tui
1061 1259 1247 1319 memoriam
1272 1257 1328 1318 tibi
1351 1256 1427 1318 uelis
1452 1264 1535 1318 oc?

278 1383 417 1438 currere,
449 1373 482 1424 ut
514 1362 598 1426 illum
628 1373 660 1427 et
688 1365 887 1426 sermonibus
911 1364 1052 1426 celebres
1075 1375 1105 1426 et
1130 1365 1261 1425 adsidua
1284 1365 1505 1425 recordatione

241 1491 264 1544 in
278 1480 496 1553 repraesentes
527 1470 599 1545 tibi,
630 1472 718 1552 quod
750 1472 793 1534 ita
816 1473 946 1533 demum
971 1472 1121 1552 consequi
1145 1472 1278 1552 poteris,
1310 1474 1335 1532 si
1358 1471 1414 1532 tibi
1440 1492 1503 1532 me-

278 1577 413 1640 moriam
443 1579 509 1640 eius
532 1579 700 1640 iucundam
725 1580 826 1658 magis
850 1599 945 1660 quam
970 1578 1106 1640 flebilem
1130 1577 1246 1640 seceris
1293 1578 1436 1639 naturale
1460 1588 1506 1638 est

278 1687 377 1760 enim,
410 1693 444 1746 ut
475 1705 602 1766 semper
633 1687 754 1747 animus
785 1686 826 1747 ab
858 1705 897 1748 eo
928 1685 1077 1766 refugiat,
1110 1687 1152 1747 ad
1175 1687 1262 1766 quod
1286 1706 1358 1746 cum
1383 1683 1506 1746 tristitia

278 1793 450 1854 reuertitur.
497 1793 603 1871 cogita
627 1792 816 1854 modestiam
841 1795 913 1866 eius,
938 1793 1044 1870 cogita
1067 1793 1097 1854 in
1122 1793 1215 1853 rebus
1239 1794 1370 1872 agendis
1393 1790 1532 1852 soher-8

280 1901 372 1973 tiam,
397 1899 427 1959 in
451 1897 645 1978 exequendis
669 1899 868 1972 industriam,
893 1901 922 1960 in
947 1900 1108 1980 promissis
1132 1900 1351 1960 constantiam.
1398 1897 1505 1959 'omnia
1588 1900 1589 1968 l

242 2007 365 2068 indicta
396 2006 460 2066 eius
492 2025 529 2066 ac
559 2005 642 2066 lacta
672 2013 705 2066 et
738 2005 803 2067 aliis
834 2025 961 2088 expone
985 2015 1017 2066 et
1040 2007 1165 2067 tibimet
1188 2007 1255 2086 ipse
1278 2025 1506 2066 commemora.

278 2112 378 2194 qualis
409 2111 498 2174 fuerit
530 2114 638 2192 cogita
665 2110 828 2192 qualisque
851 2113 968 2193 sperari
987 2099 1136 2191 potuerit.
1182 2112 1257 2192 quid
1281 2113 1363 2172 enim
1389 2113 1432 2172 de
1456 2111 1507 2171 illo

279 2241 343 2281 non
367 2228 437 2280 tuto
461 2219 610 2300 sponderi
634 2216 729 2280 fratre
752 2222 881 2299 posset?
1589 2268 1590 2302 ,

369 2325 473 2400 Haec,
506 2332 677 2405 utcumque
701 2326 805 2405 potui,
833 2323 931 2406 longo
955 2326 1017 2387 iam
1041 2326 1101 2387 situ
1125 2323 1274 2386 obsoleto
1298 2331 1330 2385 et
1354 2325 1537 2386 hebetatot]
1589 2303 1590 2348 1

281 2434 386 2494 animo
418 2434 578 2514 conposui.
625 2452 707 2513 quae
738 2433 761 2492 si
790 2440 844 2493 aut
873 2453 984 2512 parum
1010 2433 1202 2512 respondere
1225 2431 1351 2510 ingenio
1375 2441 1434 2492 tuo
1459 2441 1508 2491 aut

241 2553 266 2593 ²0
281 2559 392 2620 parum
418 2540 537 2600 mederi
558 2536 660 2599 dolori
682 2538 879 2612 uidebuntur,
902 2540 1016 2620 cogita,
1040 2558 1135 2619 quam
1153 2558 1216 2598 non
1232 2538 1332 2618 possit
1348 2537 1373 2597 is
1389 2537 1509 2599 alienae

281 2665 394 2707 uacare
425 2645 648 2719 consolationi,
680 2664 774 2725 quem
799 2666 856 2706 sua
879 2645 962 2706 mala
985 2655 1175 2724 occupatum
1198 2653 1324 2717 tenent,
1357 2652 1390 2705 et
1414 2664 1508 2724 quam
1590 2634 1591 2692 1

281 2772 345 2812 non
377 2751 465 2812 facile
494 2751 590 2813 latina
620 2752 648 2812 ei
679 2751 798 2812 homini
831 2753 927 2812 uerba
950 2761 1148 2824 succurrant,
1179 2771 1274 2831 quem
1302 2751 1508 2811 barbarorum

282 2858 459 2919 inconditus
482 2867 515 2919 et
538 2857 680 2920 barbaris
702 2877 829 2938 quoque
849 2858 1084 2919 humanioribus
1100 2861 1205 2936 grauis
1221 2857 1361 2918 lremitus
1377 2857 1508 2918 circum-

282 2971 383 3026 sonat.

284 3194 294 3244 1
318 3165 380 3242 ralio
394 3190 473 3245 ABE
489 3195 568 3243 oratio
583 3196 608 3244 B
697 3196 717 3243 si
736 3197 768 3244 ad
787 3193 900 3247 unumD
989 3195 1155 3248 habundatB
1246 3197 1322 3260 'tiqui
1339 3193 1362 3248 B
1380 3196 1451 3260 quod
1468 3191 1515 3247 DE

371 3282 388 3334 4
409 3285 524 3348 pietatem
546 3285 567 3334 A
658 3284 800 3333 immittetur
821 3283 844 3335 B
936 3284 951 3335 5
975 3301 1020 3334 nec
1039 3292 1136 3335 emotae
1155 3284 1178 3337 Α
1197 3283 1346 3337 Pincianus
1364 3302 1411 3333 nec
1434 3291 1513 3332 moine

285 3368 365 3423 RBE
464 3372 567 3420 heedem
589 3369 614 3422 B
721 3378 744 3421 et
764 3372 917 3426 desinantA
944 3375 1018 3422 etiam
1038 3376 1149 3424 desinant
1170 3372 1222 3426 DE
1248 3375 1360 3424 desinant
1382 3373 1408 3426 B

284 3457 299 3510 6
319 3459 423 3522 gemitus
441 3465 542 3522 pectore
561 3463 584 3511 A
603 3466 703 3525 pectore
722 3463 826 3525 gemitus
841 3459 920 3514 Bon
1007 3465 1073 3512 idem
1090 3463 1113 3515 B
1203 3461 1219 3514 8
1239 3463 1374 3527 frequenter
1388 3461 1416 3515 D
1430 3461 1512 3529 Neap.

284 3554 412 3610 sequantur
432 3545 458 3599 B
476 3555 650 3614 consequenter
671 3547 697 3602 Ε
806 3549 837 3602 10
857 3560 1021 3616 repraesentes
1040 3553 1100 3600 mihi
1122 3549 1146 3602 B
1255 3553 1344 3600 deinde
1365 3550 1422 3604 DE

286 3634 315 3684 ll
337 3635 470 3685 iocundam
486 3635 510 3688 B
595 3638 627 3689 15
640 3644 663 3687 et
676 3640 742 3688 sacta
759 3637 809 3691 llll
896 3657 924 3690 ex
940 3640 993 3690 aliis
1008 3639 1088 3693 Blrn‘
1178 3638 1208 3690 17
1227 3647 1310 3704 posset
1325 3638 1350 3692 E
1365 3637 1515 3693 Pincianus

285 3724 362 3786 possit
381 3721 458 3776 ΑΒΙΙ
567 3725 599 3777 19
623 3729 751 3792 composui
768 3727 820 3780 AB
928 3728 961 3782 20
987 3730 1166 3780 uidebunturA
1186 3729 1308 3778 uidebitur
1328 3727 1412 3782 BDE

285 3810 680 3877 21uaeareBDlluagareA
788 3827 869 3867 tenent
890 3816 969 3870 ΑΒΕ
985 3817 1109 3870 tenenti)
1219 3818 1254 3870 22
1281 3819 1357 3867 latina
1378 3821 1400 3868 ei
1422 3819 1514 3868 homini

286 3899 361 3948 uerba
380 3901 404 3952 Α
423 3903 497 3951 latina
518 3903 540 3951 ei
560 3903 635 3951 uerba
655 3905 749 3953 homini
771 3903 850 3958 BDE

676 4465 747 4516 Typis
762 4467 854 4508 Fischer
868 4471 887 4509 di
902 4470 988 4522 Wittig.
1018 4471 1114 4522 Lipsiae.
