3212 5326
285 370 346 433 118
650 361 729 406 nint..
744 362 770 406 V.
799 363 839 405 DE
853 363 905 405 lRA
921 364 974 406 ΗΒ.
991 363 1031 406 lll.
1061 367 1094 408 u,
1110 363 1143 405 tt.
1170 327 1175 338 ·

281 511 413 591 adgredi
444 511 560 591 possit,
592 508 673 572 male
701 519 832 586 tractet,
864 519 897 573 at
919 510 1016 573 talem
1040 512 1224 585 dumtaxat,
1255 509 1382 590 qualem
1408 509 1502 570 modo
1590 531 1591 554 t

280 617 400 693 rettuli,
432 615 546 692 feram,
577 617 753 692 inmanem,
783 618 1027 698 sanguinariam,
1058 638 1139 700 quae
1162 619 1224 680 iam
1247 614 1428 678 insanabilis
1453 627 1501 688 est,

280 726 337 786 nisi
361 727 461 786 maius
485 723 599 804 aliquid
623 723 841 787 extimuit.***

303 829 305 832 ’
369 833 415 858 ***
432 850 543 911 pacem
569 831 681 893 demus
704 832 819 906 animn,
843 851 938 913 quarn
960 831 1048 894 dabit
1063 840 1307 912 praeceptorum
1325 828 1530 903 salutarium2

252 939 412 1000 sadsidua
443 935 608 999 meditatio
639 945 790 1018 actusque
813 957 917 1000 rerum
940 937 1017 1000 boni
1040 946 1072 999 et
1095 940 1218 1000 intenta
1241 957 1330 1000 mens
1353 936 1394 998 ad
1420 937 1503 996 unius
1575 932 1592 986 'l

279 1045 404 1107 honesti
427 1044 645 1126 cupiditatem.
684 1045 895 1107 conscientiae
918 1048 993 1106 satis
1017 1045 1080 1108 liat.
1119 1043 1162 1106 nil
1184 1047 1215 1106 in
1239 1043 1356 1106 famam
1380 1033 1502 1105 labore-

279 1173 365 1214 mus:
391 1161 540 1232 sequatur
562 1149 612 1212 uel
637 1150 728 1227 mala,
751 1151 827 1214 dum
851 1153 934 1246 bene
957 1155 1116 1215 merentis.
1170 1161 1204 1215 at
1228 1151 1341 1232 uolgus
1364 1151 1504 1212 animosa
1519 1173 1531 1218 :t

279 1259 408 1320 miratur
431 1268 463 1321 et
487 1258 623 1320 audaces
647 1259 676 1319 in
700 1257 822 1320 honore
843 1267 924 1333 sunt,
947 1257 1061 1340 placidi
1084 1279 1143 1340 pro
1168 1259 1318 1322 inertibus
1341 1258 1503 1320 habentur.

280 1367 382 1444 primo
414 1364 544 1427 forsitan
574 1366 737 1444 adspectu.
785 1366 840 1426 sed
872 1363 964 1428 simul
995 1346 1175 1447 aequalitas·
1199 1367 1282 1428 uitae
1313 1364 1409 1428 fidem
1437 1362 1503 1425 fecit
1592 1362 1593 1443 l

242 1493 343 1534 innon
367 1474 532 1552 segnitiem
557 1472 641 1534 illam
666 1474 761 1534 animi
785 1493 862 1548 esse,
887 1474 945 1534 sed
968 1491 1099 1553 pacem,
1123 1483 1289 1535 ueneratur
1311 1471 1381 1534 illos
1404 1491 1502 1553 popu-

277 1577 324 1640 lus
355 1580 440 1640 idern
473 1578 617 1661 colitque.
671 1578 747 1641 nihil
777 1599 856 1660 ergo
892 1578 989 1642 habet
1020 1582 1051 1641 in
1082 1601 1116 1642 se
1147 1581 1222 1642 utile
1252 1588 1354 1642 taeter
1384 1580 1446 1640 iste
1475 1587 1529 1645 ets

277 1686 398 1748 hostilis
429 1684 587 1760 adfectus,
618 1695 652 1748 at
684 1687 790 1748 omnia
821 1705 864 1748 ex
887 1688 1045 1748 contrario
1069 1686 1168 1761 mala,
1199 1685 1315 1748 sermm
1347 1695 1380 1748 et
1411 1688 1503 1766 ignes.

277 1794 399 1873 pudore
437 1792 559 1854 calcato
598 1792 748 1855 caedibus
786 1795 958 1874 inquinauit
990 1813 1118 1868 manus,
1156 1793 1301 1855 membra
1331 1793 1500 1854 liberorum

278 1902 431 1981 dispersit.
468 1898 541 1961 nihil
567 1920 698 1962 uacuum
722 1899 845 1981 reliquit
866 1920 884 1961 a
904 1899 1030 1975 scelere,
1053 1921 1118 1962 non
1142 1900 1262 1979 gloriae
1285 1919 1419 1974 memor,
1443 1919 1503 1960 non
1593 1937 1594 1942 κ

240 2029 263 2068 ts
277 2007 422 2069 infamiae
446 2017 598 2081 metuens
622 2007 869 2082 inemendabilis,
893 2028 965 2070 cum
989 2028 1031 2068 ex
1055 2010 1100 2069 ira
1122 2009 1154 2069 in
1178 2007 1286 2068 odium
1310 2006 1469 2068 obcalluit.

365 2113 463 2176 XLII.
511 2113 682 2176 Careamus
713 2114 776 2177 hoc
807 2115 892 2176 malo
923 2134 1157 2198 purgemusque
1186 2123 1326 2176 mentem
1350 2122 1383 2175 et
1406 2114 1529 2178 extis-t

275 2241 387 2304 pemus
410 2222 567 2295 radicitus
590 2241 672 2302 quae
696 2224 839 2301 quamuis
855 2223 960 2284 tenuia
975 2220 1195 2302 undecumque
1211 2219 1377 2295 haeserint,
1398 2239 1501 2280 renas·

277 2338 393 2391 centur.
425 2337 458 2390 et
481 2330 560 2390 iram
583 2349 647 2389 non
671 2338 897 2410 temperemus
921 2329 979 2390 sed
1002 2350 1044 2390 ex
1068 2337 1140 2390 toto
1156 2347 1384 2389 remoueamus.
1416 2327 1501 2408 quod

277 2438 359 2496 enim
384 2435 487 2496 malae
510 2437 554 2496 rei
577 2420 866 2514 temperamentum
891 2439 960 2497 est?
984 2435 1159 2515 poterimus
1182 2443 1298 2509 autem,
1322 2435 1502 2496 adnitamur

235 2560 262 2600 nu
277 2544 384 2604 modo.
431 2561 489 2602 nec
520 2539 582 2602 ulla
612 2562 661 2603 res
692 2543 793 2622 magis
824 2543 966 2623 proderit
993 2561 1089 2623 quam
1120 2541 1271 2622 cogitatio
1294 2540 1530 2604 mortalitatis?

276 2648 334 2711 sibi
364 2648 494 2730 quisque
525 2657 619 2730 atque
643 2648 732 2711 alteri
755 2650 858 2711 dicat:
893 2651 968 2732 quid
992 2651 1077 2712 iuuat
1099 2659 1263 2731 tamquam
1286 2649 1316 2710 in
1340 2658 1500 2710 aeternum

276 2757 399 2837 genitos
423 2758 483 2818 iras
506 2757 643 2818 indicere
666 2765 697 2817 et
721 2734 938 2818 breuissimam
962 2766 1101 2818 aetatem
1118 2757 1299 2837 dissupare?
1323 2757 1398 2838 quid
1419 2756 1502 2817 iuuat
1595 2781 1596 2796 ἢ

276 2863 358 2938 dies,
389 2884 470 2943 quos
500 2863 530 2923 in
560 2862 757 2943 uoluptatem
789 2862 957 2924 honestam
989 2864 1160 2944 inpendere
1187 2861 1273 2937 licet,
1303 2864 1333 2924 in
1358 2862 1500 2923 dolorem

275 2968 400 3032 alicuius
430 2978 688 3050 tormentumque
718 2969 905 3032 transferre?
942 2990 1006 3031 non
1030 2970 1156 3051 capiunt
1179 2990 1228 3031 res
1251 2970 1329 3031 istae
1352 2970 1500 3030 iacturam

236 3093 261 3133 rs
276 3097 334 3138 nec
365 3086 491 3157 tempus
522 3085 614 3138 uacat
645 3077 786 3157 perdere.
833 3077 909 3157 quid
940 3076 1057 3139 ruimus
1085 3078 1125 3138 in.
1137 3079 1299 3158 pugnam?
1338 3077 1413 3157 quid
1436 3094 1499 3135 cer·
1518 3087 1531 3138 :t

276 3183 395 3244 tamina
425 3182 517 3244 nobis
548 3184 753 3246 arcessimus?
792 3184 867 3264 quid
905 3182 1111 3246 inbecillitatis
1143 3182 1231 3244 obliti
1261 3183 1402 3263 ingentia
1430 3182 1502 3242 odia

276 3290 460 3370 suscipimus
484 3297 516 3350 et
539 3290 580 3350 ad
604 3287 813 3370 frangendum
831 3289 955 3369 fragiles
971 3290 1211 3370 consurgimus?
1235 3290 1298 3350 iam
1315 3290 1390 3350 istas
1406 3288 1499 3350 inimi-

277 3397 378 3470 citias,
410 3417 488 3476 quas
520 3394 695 3476 inplacabili
726 3397 866 3477 gerimus
899 3398 1021 3472 animo,
1053 3395 1147 3457 febris
1178 3405 1232 3458 aut
1262 3397 1391 3476 aliquod
1421 3395 1501 3457 aliud

276 3501 394 3564 malum
432 3504 572 3584 corporis
604 3504 723 3564 uetabit
754 3505 829 3583 geri.
883 3505 944 3564 iam
976 3523 1033 3584 par
1063 3503 1249 3564 acerrimum
1282 3503 1388 3565 media
1417 3521 1501 3563 mors

235 3626 261 3668 30
277 3610 408 3671 dirimet.
454 3609 529 3689 quid
560 3609 786 3671 tumultuamur
818 3619 849 3671 et
873 3611 969 3670 uitam
993 3610 1133 3670 seditiosi
1157 3609 1404 3671 conturbamus?
1439 3615 1533 3668 stati

274 3737 368 3798 supra
391 3726 485 3798 caput
508 3715 606 3778 fatum
631 3726 662 3779 et
685 3717 844 3799 pereuntis
869 3717 935 3778 dies
958 3717 1080 3797 inputat
1103 3705 1294 3798 propibsque
1318 3736 1356 3777 ac
1376 3715 1502 3797 propius

279 3895 490 3902 *ψῃ

1407 3953 1415 3984 t

276 4016 292 4068 3
312 4017 379 4082 atiqd
399 4019 427 4084 (d
446 4031 484 4070 ex
505 4022 514 4065 l
533 4018 617 4083 corr.)
697 4017 712 4070 'i
731 4025 844 4083 sequatur
861 4017 986 4089 plerique
1006 4017 1171 4072 deteriores:
1192 4023 1321 4084 sequantur
1392 4000 1422 4082 a'd

275 4159 292 4210 8
311 4118 415 4210 inhonore
520 4159 536 4210 ll
556 4167 656 4224 aspectu
759 4161 830 4211 simul
850 4163 984 4226 aequalitas
1004 4160 1177 4232 Hetrsfnqer:
1199 4119 1291 4212 simulac
1305 4163 1407 4228 qualitas

276 4248 307 4299 ll
328 4251 373 4298 iste
393 4250 412 4316 (i
431 4246 459 4301 in
478 4249 546 4314 raa.)
651 4247 684 4300 12
704 4251 810 4315 hostilis]
838 4267 873 4302 an
893 4251 1026 4316 pestilens?
1130 4251 1162 4302 fi)
1182 4252 1299 4302 obcalluit
1319 4254 1334 4306 ἰ,
1354 4250 1452 4301 indumit
1473 4249 1500 4300 tit

275 4388 360 4442 marq.
379 4377 449 4426 m.3
543 4373 575 4424 tit
594 4369 712 4451 maliciei
804 4376 837 4428 21
858 4329 937 4440 atique
1029 4375 1062 4428 22
1083 4377 1210 4440 dissppare
1300 4376 1334 4430 28
1353 4378 1418 4442 aliqd
1435 4374 1504 4422 aliud

276 4469 304 4534 (ti
324 4475 349 4521 ef
368 4473 383 4518 d
402 4471 485 4536 corr.)
565 4471 597 4523 31
619 4462 731 4544 PPllusffi
