3212 5326
425 375 501 416 DtllL.
517 373 544 418 V.
573 374 613 416 DE
628 375 680 416 IRA
695 373 750 418 LlB.
766 375 807 420 111.
839 377 868 418 to.
886 379 965 420 ll.l'2.
1266 384 1307 444 95

92 540 171 582 suum
195 541 293 582 nosse
317 531 349 584 et
372 523 452 582 uires
475 521 540 582 eius
564 531 735 603 antequam
767 522 940 602 spatientur
968 525 1181 602 opprimere·
1202 523 1307 585 uidea-

94 647 152 688 mus
173 629 254 708 quid
277 629 324 701 sit,
354 629 440 708 quod
463 647 522 689 nos
546 631 687 691 maxime
710 631 855 690 concitet.
894 627 988 691 alium
1013 629 1190 704 uerborum,
1215 629 1307 692 aliurn

92 751 183 794 rerum
210 732 422 796 contumeliae
445 743 585 796 mouent
632 733 682 796 hic
705 733 771 797 uult
803 734 970 809 nobilitati,
1001 735 1051 797 hic
1082 734 1204 798 formae
1234 755 1309 798 suae

92 839 172 918 parci.
215 838 267 900 hic
290 838 538 920 elegantissimus
561 838 670 902 haberi
696 841 790 921 cupit,
813 840 864 902 ille
884 842 1091 904 doctissimus.
1127 841 1177 904 hic
1200 863 1307 923 super-

92 945 150 1006 biae
172 945 331 1026 inpatiens
355 953 410 1020 est,
434 945 484 1006 hic
507 947 732 1009 contumaciae.
778 947 829 1008 ille
860 967 969 1010 seruos
993 968 1056 1010 non
1080 956 1171 1028 putat
1195 949 1335 1029 dignoss

90 1051 193 1130 quibus
225 1053 384 1125 irascatur,
418 1051 468 1114 hic
498 1052 579 1115 intra
609 1053 741 1116 domum
775 1073 887 1116 saeuus
919 1063 983 1128 est,
1014 1055 1088 1117 foris
1120 1056 1209 1117 mitis.
1260 1055 1309 1118 ille

91 1157 182 1238 rogari
207 1157 360 1220 inuidiam
385 1158 513 1232 iudicat,
537 1158 588 1220 hic
612 1171 676 1220 non
700 1163 803 1238 rogari
829 1160 1061 1223 contumeliam.
1108 1181 1172 1223 non
1196 1181 1309 1224 omnes

89 1262 123 1324 ab
155 1263 270 1326 eadem
302 1272 392 1345 parte
422 1262 580 1327 feriuntur.
626 1265 703 1327 scire
735 1265 840 1345 itaque
871 1275 1011 1347 oportet,
1043 1268 1117 1347 quid
1149 1269 1179 1330 in
1207 1281 1239 1330 te
1263 1269 1304 1328 in.

89 1369 225 1432 becillum
251 1371 299 1444 sit,
324 1381 357 1432 ut
380 1369 410 1432 id
435 1371 576 1433 maxime
599 1383 760 1452 protegas.

65 1491 71 1539 l
167 1476 224 1540 XI.
264 1477 338 1538 Non
371 1477 501 1558 expedit
532 1481 639 1540 omnia
662 1479 783 1552 uidere,
815 1479 921 1541 omnia
945 1479 1060 1541 audire.
1107 1479 1225 1541 multae
1248 1501 1307 1542 nos
1325 1505 1347 1542 ru

89 1584 205 1645 iniuriae
238 1592 416 1658 transeant,
446 1603 488 1646 ex
520 1584 633 1664 quibus
664 1584 830 1665 plerasque
862 1605 926 1646 non
965 1586 1077 1665 accipit
1115 1587 1168 1666 qui
1198 1589 1305 1649 nescit.

88 1709 142 1750 non
172 1691 220 1750 uis
253 1709 324 1752 esse
354 1691 540 1752 iracundus?
572 1711 612 1751 ne
635 1689 728 1752 fueris
760 1693 908 1755 curiosus.
954 1693 1006 1772 qui
1030 1692 1154 1773 inquirit
1177 1693 1254 1774 quid
1277 1693 1307 1754 in
1374 1703 1380 1710 '

88 1815 116 1857 se
137 1798 258 1858 dictum
284 1796 331 1870 sit,
355 1799 407 1877 qui
431 1797 586 1876 malignos
609 1817 781 1874 sermones,
812 1799 934 1861 etiamsi
958 1809 1081 1862 secreto
1105 1798 1203 1862 habiti
1226 1809 1307 1872 sunt,

88 1903 172 1978 eruit,
205 1923 241 1988 se
272 1903 339 1984 ipse
370 1903 530 1985 inquietat,
576 1905 733 1984 quaedam
765 1905 981 1986 interpretatio
1014 1925 1053 1966 eo
1080 1909 1241 1987 perducit,
1273 1916 1306 1966 ut

87 2009 245 2071 uideantur
267 2009 402 2070 iniuriae.
439 2009 544 2090 itaque
568 2009 627 2071 alia
650 2007 826 2072 differenda
849 2021 935 2085 sunt,
959 2011 1019 2073 alia
1043 2013 1223 2087 deridenda,
1247 2011 1307 2074 alia
1324 2035 1346 2074 rs

60 2116 238 2178 tdonanda.
300 2115 584 2177 circumscribenda
615 2114 720 2178 multis
753 2118 857 2179 modis
895 2121 940 2179 ira
977 2129 1033 2181 est.
1095 2118 1244 2199 pleraque
1275 2120 1305 2180 in

86 2221 178 2284 lusum
211 2223 380 2303 iocumque
412 2231 580 2284 uertantur.
638 2221 804 2286 Socratem
836 2224 921 2286 aiunt
952 2224 1089 2304 colapho
1121 2245 1304 2307 percussum

85 2327 149 2390 nihil
173 2328 308 2408 amplius
325 2329 441 2390 dixisse
465 2348 560 2410 quam
578 2328 747 2391 molestum
772 2350 850 2405 esse,
873 2332 962 2411 quod
983 2334 1136 2394 nescirent
1151 2331 1304 2405 homines,

59 2437 205 2514 lquando
239 2455 310 2496 curn
342 2434 433 2516 galea
463 2436 589 2516 prodire
620 2436 784 2499 deberent.
831 2455 894 2499 non
926 2440 1197 2520 quemadmodum
1223 2438 1305 2500 lacta

84 2542 118 2602 sit
138 2541 247 2602 iniuria
270 2539 377 2616 refert,
401 2543 458 2604 sed
481 2543 756 2621 quemadmodum
784 2543 856 2606 lata.
903 2564 961 2606 nec
986 2546 1080 2608 uideo
1104 2566 1201 2627 quare
1226 2543 1301 2606 dilfi.
1320 2565 1344 2604 20

84 2646 140 2709 cilis
170 2648 210 2709 sit
242 2648 537 2722 moderatio,·cum
576 2651 672 2710 sciam
711 2657 918 2728 tyrannorum
950 2671 1077 2733 quoque
1115 2653 1238 2714 tumida
1272 2661 1305 2714 et

84 2753 200 2816 fortuna
241 2764 273 2816 et
304 2753 427 2816 licentia
457 2753 581 2835 ingenia
611 2753 795 2816 familiarem
827 2756 885 2818 sibi
916 2758 1078 2819 saeuitiam
1111 2759 1303 2839 repressisse.

57 2859 273 2922 lPisistratum
305 2871 405 2934 certe,
442 2860 685 2923 Atheniensium
716 2869 903 2942 tyrannum,
943 2864 1116 2925 memoriae
1153 2864 1305 2946 proditur,

84 2983 149 3027 cum
172 2966 273 3028 multa
295 2966 326 3027 in
342 2966 557 3029 crudelitatem
574 2967 640 3028 eius
656 2967 761 3029 ebrius
777 2969 910 3030 conuiua
926 2971 1059 3032 dixisset
1082 2990 1140 3032 nee
1156 2972 1304 3032 deessent

84 3072 130 3150 qui
160 3073 277 3136 uellent
309 3092 420 3135 manus
452 3075 479 3134 ei
503 3076 711 3136 commodare
735 3085 767 3137 et
791 3075 867 3136 alius
891 3075 975 3151 hinc,
1007 3076 1095 3150 alius,
1115 3076 1197 3138 illinc
1220 3075 1304 3138 laces
1319 3093 1343 3132 n

83 3178 264 3254 subderent,
295 3176 422 3261 placido
453 3182 559 3242 animo
591 3180 697 3242 tulisse
729 3190 761 3242 et
784 3181 847 3244 hoc
875 3183 1072 3245 inritantibus
1096 3185 1305 3264 respondisse,

84 3303 142 3345 non
171 3287 273 3366 magis
304 3285 346 3347 illi
376 3305 411 3348 se
442 3306 623 3348 suscensere
654 3288 799 3368 quamsi
824 3289 892 3368 quis
920 3289 1069 3370 obligatis
1096 3290 1194 3352 oculis
1217 3291 1247 3352 in
1271 3311 1306 3353 se
1374 3305 1378 3310 ·

83 3392 262 3454 incurrisset.

61 3505 65 3554 1
167 3498 233 3560 XII.
274 3498 393 3580 Magna
424 3517 496 3578 pars
520 3499 673 3579 querellas
704 3519 799 3562 manu
831 3500 903 3563 lecit
922 3511 986 3563 aut
1014 3501 1092 3565 falsa
1114 3505 1304 3586 suspicando

84 3615 134 3666 aut
164 3605 242 3667 leuia
273 3605 488 3686 adgrauando
535 3623 630 3686 saepe
661 3606 702 3668 ad
734 3625 793 3668 nos
821 3607 866 3668 ira
889 3609 989 3683 uenit,
1020 3613 1144 3690 saepius
1175 3630 1235 3672 nos
1263 3612 1305 3673 ad
1320 3633 1345 3673 uu

84 3709 170 3773 illam.
200 3731 282 3792 quae
306 3730 480 3792 numquam
497 3713 686 3774 arcessenda
709 3722 766 3774 est.
798 3714 892 3775 etiarn
917 3734 989 3775 cum
1013 3717 1129 3792 incidit,
1152 3717 1304 3782 reiciatur.

55 3825 174 3878 anemo
196 3817 271 3880 dicit
300 3816 378 3880 sibi:
413 3818 476 3878 hoc
503 3827 634 3898 propter
665 3820 752 3898 quod
782 3818 899 3880 irascor
937 3829 991 3882 aut
1022 3820 1080 3884 leci
1110 3825 1164 3886 aut
1195 3822 1305 3886 secisse

85 3924 175 4002 potui.
222 3944 316 3986 nemo
341 3923 481 3984 animum
506 3921 655 4000 facientis,
678 3925 736 3985 sed
759 3927 862 4007 ipsum
885 3929 1030 3988 aestimat
1054 3927 1188 3991 lactum:
1219 3931 1304 4012 atqui

86 4187 100 4236 3
120 4189 261 4238 contumelie
279 4189 303 4253 (e
321 4189 348 4240 tn
368 4187 437 4253 rus.)
541 4187 556 4238 u
575 4187 635 4237 toris
655 4189 677 4252 (s
696 4189 780 4256 cora)
888 4190 918 4242 13
938 4192 1009 4241 etiasi
1030 4193 1069 4257 (as
1087 4192 1113 4244 in
1134 4191 1201 4260 ras.)

89 4274 117 4326 ll
137 4275 297 4342 interprqtatio
406 4275 439 4328 ’18
458 4277 525 4340 quod
545 4275 572 4340 (d
590 4277 674 4344 corr.)
782 4277 816 4330 26
835 4280 968 4338 irritantib3
991 4280 1080 4350 (prior
1099 4297 1110 4328 r
1128 4295 1166 4333 ex
1185 4298 1199 4329 n
1220 4281 1303 4348 corr.)

155 4363 188 4416 ‘27
204 4383 326 4417 sucensere
346 4367 420 4436 (post
439 4381 466 4414 su
485 4379 548 4426 ras,
566 4363 661 4432 suits)
736 4366 770 4419 29
783 4367 895 4432 querelas
915 4368 961 4433 (las
980 4367 1007 4420 in
1026 4370 1095 4436 ras.)
1168 4369 1202 4422 30
1215 4387 1304 4435 aggra-

86 4455 168 4502 uando
186 4451 268 4524 (prior
285 4472 302 4521 g
321 4453 406 4522 corr.)
480 4451 510 4505 31
533 4458 642 4518 numqua
661 4457 689 4520 (a
707 4453 734 4506 in
754 4453 822 4523 rar.)
896 4455 929 4512 33
949 4459 1014 4522 atqui
1034 4459 1054 4522 (t
1073 4461 1155 4522 corr.)
