3184 5318
241 357 322 400 DIAL.
338 357 378 402 lx,
406 357 448 400 ΑΟ
463 357 605 400 ΒΕΜΝἿΜ
623 357 661 398 De
675 355 942 408 Taauovttuttnts
956 355 1053 400 ANIMI.
1081 359 1100 400 t.
1117 361 1137 400 b.
1210 391 1211 398 ,
1237 363 1297 426 201

94 505 118 566 in
136 501 326 585 spectaculis,
348 503 379 564 in
401 501 551 566 conuiuiis
574 502 693 567 bonum
717 501 985 586 contubernalem,
1008 499 1136 566 fidelem
1156 501 1301 578 amicum,

67 617 310 690 ptemperautem
340 607 507 672 conuiuam
538 615 621 690 agat.
667 605 770 672 officia
798 609 872 672 ciuis
899 607 1018 672 amisit:
1052 606 1185 670 hominis
1209 627 1299 670 exer-

92 723 156 778 ceat
199 714 275 778 ideo
299 733 418 795 magno
440 715 546 778 animo
569 733 628 778 nos
650 734 715 778 non
738 715 826 778 unius
849 713 934 778 urbis
957 713 1123 778 moenibus
1146 711 1300 790 clusimus,
1387 795 1392 804 .

21 815 25 826 '
91 821 185 884 sedin
209 821 308 884 totius
331 819 416 884 orbis
439 821 665 885 commercium
694 821 852 886 emisimus
875 820 1072 903 patriamque
1095 817 1186 882 nobis
1210 839 1299 882 mun-

91 927 154 988 dum
187 924 323 1008 professi
359 945 482 1002 sumus,
521 933 555 989 ut
591 925 698 990 liceret
727 925 869 990 latiorem
901 925 1185 1008 uirtuti.campum
1217 927 1327 990 dares

89 1029 274 1112 praeclusum
312 1031 367 1096 tibi
405 1031 541 1095 tribunal
579 1041 627 1096 est
658 1040 691 1096 et
721 1033 829 1096 rostris
858 1030 1033 1117 prohiberis
1063 1039 1118 1096 aut
1148 1032 1297 1097 comitiis:

89 1137 194 1218 respice
226 1145 301 1221 post
331 1145 363 1202 te
385 1147 538 1220 quantum
562 1137 782 1204 latissimarum
806 1139 970 1220 regionum
994 1145 1117 1220 pateat,
1148 1147 1300 1220 quantum

89 1241 276 1324 populorum.
322 1264 495 1326 numquam
530 1246 574 1308 ita
609 1243 664 1308 tibi
695 1264 813 1326 magna
842 1264 914 1326 pars
944 1243 1141 1320 obstruetur,
1172 1253 1205 1308 ut
1236 1265 1300 1308 non

63 1349 175 1428 ,maior
197 1331 399 1430 relihquatur.
430 1352 488 1414 sed
511 1351 591 1426 uide,
616 1370 655 1414 ne
677 1359 782 1416 totum
806 1351 889 1414 istud
912 1358 1002 1414 tuum
1026 1349 1134 1414 uitium
1157 1351 1205 1414 sit
1235 1371 1298 1414 non

88 1455 125 1518 uis
152 1457 237 1520 enim
269 1457 325 1520 nisi
355 1457 465 1522 consul
495 1466 549 1522 aut
571 1457 713 1540 prytanis
736 1467 790 1522 aut
814 1458 945 1522 meddix
968 1466 1022 1522 aut
1043 1457 1127 1522 suses
1150 1457 1298 1522 adminis-
1315 1483 1339 1524 ro

87 1571 158 1626 trare
187 1561 426 1644 rempublicam.
471 1564 547 1646 quid
577 1566 603 1628 si
633 1563 765 1630 militare
793 1563 872 1628 nolis
895 1565 951 1630 nisi
974 1564 1145 1648 imperator
1168 1574 1222 1629 aut
1245 1565 1297 1628 tri-

87 1667 194 1730 bunus?
220 1672 342 1734 etiamsi
364 1669 413 1734 alii
435 1673 571 1752 primam
593 1670 730 1734 frontem
754 1671 915 1748 tenebunt,
938 1680 971 1736 te
993 1692 1065 1735 sors
1083 1671 1162 1735 inter
1177 1671 1299 1736 triarios

86 1775 221 1856 posuerit,
244 1777 318 1840 inde
341 1796 429 1854 uoce,
454 1776 685 1856 adhortatione,
709 1777 869 1862 exemplo,
892 1779 998 1842 animo
1014 1776 1127 1842 militar
1153 1779 1299 1860 praecisis

85 1902 199 1964 quoque
231 1883 375 1946 manibus
405 1882 455 1947 ille
485 1885 516 1947 in
545 1884 666 1967 proelio
696 1885 828 1960 inuenit,
859 1885 946 1966 quod
976 1883 1118 1968 partibus
1148 1883 1298 1960 conserat,

60 1991 129 2068 fiqui
147 1997 211 2052 stat
234 1997 343 2052 tamen
366 1999 399 2054 et
422 1988 561 2054 clamore
584 1992 676 2054 iuuat
722 1991 785 2054 tale
808 1991 960 2072 quiddam
984 1992 1092 2054 iacias:
1119 1991 1144 2052 si
1164 1991 1299 2073 aprima
1315 2016 1337 2056 u

83 2105 110 2156 te
135 2094 323 2177 reipublicae
353 2105 443 2178 parte
474 2096 599 2162 fortuna
628 2100 850 2173 summouerit,
880 2106 945 2160 stes
973 2105 1081 2160 tamen
1105 2104 1137 2159 et
1159 2096 1297 2162 clamore

83 2202 157 2264 iuues
186 2210 238 2278 et,
268 2204 294 2264 si
325 2205 394 2284 quis
417 2202 522 2268 fauces
545 2207 753 2287 oppresserit,
783 2214 849 2268 stes
871 2213 980 2268 tamen
1002 2211 1036 2265 et
1058 2203 1181 2267 silentio
1203 2206 1298 2267 iuues

31 2295 38 2310 '
83 2327 246 2390 numquam
276 2307 389 2374 inutilis
419 2320 469 2374 est
498 2331 597 2394 opera
627 2311 701 2379 ciuis
731 2311 815 2374 boni.
860 2312 985 2374 auditus
1008 2312 1169 2392 uisusque,
1201 2309 1297 2385 uoltu,

57 2423 163 2490 poutu,
204 2413 419 2480 obstinatione
456 2419 552 2482 tacita
588 2421 771 2500 incessuque
802 2419 871 2499 ipso
901 2418 1044 2499 prodest.
1089 2425 1124 2480 ut
1153 2414 1298 2478 salutaria

81 2522 228 2600 quaedam
253 2521 330 2584 citra
352 2511 492 2604 gustum
504 2532 687 2605 tactumque
709 2525 811 2588 odore
834 2522 1009 2605 proficiunt,
1031 2524 1076 2587 ita
1098 2523 1195 2586 uirtus
1218 2521 1296 2586 utili·
1311 2555 1337 2596 20

82 2634 171 2690 tatem
204 2627 301 2692 etiam
332 2649 374 2692 ex
405 2627 578 2713 longinquo
609 2639 642 2694 et
664 2629 765 2694 latens
788 2629 896 2694 fundit.
942 2632 1008 2692 siue
1030 2630 1183 2713 spatiatur
1206 2638 1239 2692 et
1261 2649 1296 2692 se
1355 2641 1365 2660 “

82 2733 166 2797 utitur
187 2755 246 2796 suo
270 2736 344 2810 iure,
367 2737 433 2798 siue
455 2739 614 2818 precarios
637 2735 735 2800 habet
758 2757 908 2800 excessus
931 2739 1116 2820 cogiturque
1137 2735 1206 2798 uela
1220 2754 1295 2796 con-

81 2839 211 2916 trahere,
243 2843 309 2904 siue
340 2843 445 2908 otiosa
475 2851 626 2925 mutaque
656 2851 704 2906 est
735 2852 768 2908 et
783 2825 934 2924 'angusto
957 2845 1200 2923 circumsaepta,
1231 2842 1295 2904 siue

81 2947 238 3028 adaperta,
269 2951 300 3012 in
330 2969 530 3032 quocumque
561 2949 669 3014 habitu
699 2959 765 3026 est,
800 2952 940 3031 prodest
985 2951 1080 3030 quid?
1118 2957 1152 3010 tu
1182 2967 1295 3030 parum

55 3033 162 3123 sutile
175 3061 269 3135 putas
299 3055 484 3138 exemplum
516 3057 598 3120 bene
628 3059 836 3138 quiescentis?
875 3055 981 3138 longe·
1001 3057 1106 3136 itaque
1137 3056 1294 3137 optimum
1310 3089 1334 3130 -ιδ

81 3166 122 3221 est
150 3161 282 3224 miscere
309 3164 410 3226 otium
440 3161 549 3238 rebus,
581 3164 727 3244 quotiens
751 3171 882 3226 actuosa
904 3165 969 3226 uita
991 3163 1210 3244 inpedimentis
1234 3161 1294 3224 ior-

79 3266 155 3327 tuitis
179 3275 232 3330 aut
255 3269 390 3332 ciuitatis
413 3271 599 3332 condicione
621 3268 847 3351 prohibebitur.
892 3288 1066 3350 numquam
1090 3268 1172 3330 enim
1197 3289 1296 3350 usque

80 3389 113 3431 eo
134 3372 300 3440 interclusa
322 3383 394 3436 sunt
417 3376 533 3452 omnia,
557 3385 590 3440 ut
614 3375 688 3439 nulli
711 3376 825 3438 actioni
848 3375 935 3438 locus
958 3373 1112 3437 honestae
1135 3375 1183 3436 sit.

55 3499 62 3550 1
160 3478 200 3541 V.
245 3479 408 3561 Numquid
438 3491 531 3564 potes
559 3483 696 3546 inuenire
719 3480 831 3545 urbem
855 3481 1048 3544 miseriorem
1071 3500 1167 3562 quam
1191 3479 1293 3544 Athe-

9 3663 10 3670 *
79 3582 222 3646 niensium
246 3584 310 3661 fuit,
335 3606 407 3648 cum
431 3586 515 3650 illam
539 3587 667 3670 triginta
689 3589 814 3670 tyranni
838 3587 1040 3651 diuellerent?
1066 3585 1149 3649 mille
1172 3595 1291 3650 trecen·
1308 3621 1334 3660 ³0

78 3695 123 3748 tos
145 3689 241 3767 ciues,
265 3693 422 3773 optimum
445 3713 603 3777 quemque
626 3695 808 3759 occiderant
831 3693 1007 3758 necrfinem
1031 3694 1105 3756 ideo
1130 3692 1294 3770 faciebant,

77 3885 192 3937 2amisit
209 3881 371 3940 Pincianus:
392 3887 500 3937 amiserit
594 3847 742 3941 ficomitth
846 3891 878 3944 10
904 3893 1004 3943 meddix
1026 3892 1203 3949 Gronout'ust·
1221 3911 1294 3960 ceryx

161 3993 194 4046 11
213 3977 287 4047 rd.13.
380 3991 413 4046 14
432 3995 536 4060 inprplio
610 3993 643 4048 16
662 3985 746 4052 rei.t'³'.
830 3999 940 4050 clamore
953 4001 1019 4052 iuues
1031 3998 1158 4055 Fickert:
1173 4001 1214 4052 cla
1227 4002 1293 4052 iuues

161 4099 194 4154 18
223 4081 276 4166 opi
383 4103 478 4152 auditus
503 4100 666 4157 deteriores:
688 4103 767 4154 aditus
874 4108 985 4172 nisusque
1005 4103 1130 4177 Madur'p:
1152 4109 1177 4173 ei
1200 4109 1289 4176 uisusq;

77 4187 109 4253 (et
125 4201 185 4241 cum
202 4203 302 4243 rasura
321 4189 397 4243 initio
416 4204 521 4253 uererer,
537 4189 661 4259 fortasse
676 4192 733 4262 furi
751 4195 796 4261 st)
887 4197 922 4251 20
944 4199 1068 4264 quaedam
1085 4195 1224 4252 Muretus:
1245 4215 1292 4264 que

160 4275 194 4329 23
218 4285 320 4344 angusto
338 4293 392 4332 non
412 4283 453 4333 est
471 4278 640 4344 aduertriu'n,
664 4287 695 4335 ut
715 4281 797 4337 Gertz
816 4289 908 4354 putat,
932 4285 983 4340 red
1005 4286 1141 4342 otlariuus
1165 4285 1297 4342 adiectiut’

160 4364 193 4418 21
211 4369 309 4432 prodest
321 4363 445 4439 Madur'p,
464 4369 705 4439 interpunctionem
723 4373 856 4428 enuntiati
872 4375 1022 4446 superioris
1039 4373 1192 4433 emendetit
1207 4375 1294 4451 Vopet

79 4451 151 4521 apud
167 4454 266 4524 aprumz
286 4459 364 4523 prosit
454 4457 488 4514 26
509 4459 690 4527 impedimentis
779 4462 814 4518 30
833 4465 921 4518 uranu
