<?xml version="1.0" encoding="UTF-8"?>
<!DOCTYPE html PUBLIC "-//W3C//DTD XHTML 1.0 Transitional//EN"
    "http://www.w3.org/TR/xhtml1/DTD/xhtml1-transitional.dtd">
<html xmlns="http://www.w3.org/1999/xhtml" xml:lang="en" lang="en">
 <head>
  <title>
</title>
<meta http-equiv="Content-Type" content="text/html;charset=utf-8" />
  <meta name='ocr-system' content='tesseract 3.04.00' />
  <meta name='ocr-capabilities' content='ocr_page ocr_carea ocr_par ocr_line ocrx_word'/>
</head>
<body>
  <div class='ocr_page' id='page_1' title='image "./lannaeisenecaed01vahlgoog_0209.png"; bbox 0 0 3184 5318; ppageno 0'>
   <div class='ocr_carea' id='block_1_1' title="bbox 293 353 1292 422">
    <p class='ocr_par' dir='ltr' id='par_1_1' title="bbox 293 353 1292 422">
     <span class='ocr_line' id='line_1_1' title="bbox 293 353 1292 422; baseline 0.003 -28"><span class='ocrx_word' id='word_1_1' title='bbox 293 361 353 422; x_wconf 73' lang='grc'>168</span> <span class='ocrx_word' id='word_1_2' title='bbox 514 354 592 398; x_wconf 79' lang='lat' dir='ltr'>DlAL.</span> <span class='ocrx_word' id='word_1_3' title='bbox 602 355 651 399; x_wconf 88' lang='lat' dir='ltr'>Vll.</span> <span class='ocrx_word' id='word_1_4' title='bbox 678 353 721 395; x_wconf 79' lang='lat' dir='ltr'>Ab</span> <span class='ocrx_word' id='word_1_5' title='bbox 737 353 915 396; x_wconf 81' lang='lat' dir='ltr'>GALLlONEM</span> <span class='ocrx_word' id='word_1_6' title='bbox 933 355 972 394; x_wconf 78' lang='lat' dir='ltr'>DE</span> <span class='ocrx_word' id='word_1_7' title='bbox 987 354 1058 394; x_wconf 75' lang='lat' dir='ltr'>VITA</span> <span class='ocrx_word' id='word_1_8' title='bbox 1074 355 1180 395; x_wconf 78' lang='grc' dir='ltr'>ΒΕΛΤΑ.</span> <span class='ocrx_word' id='word_1_9' title='bbox 1211 355 1243 396; x_wconf 77' lang='lat' dir='ltr'>ll.</span> <span class='ocrx_word' id='word_1_10' title='bbox 1261 357 1292 398; x_wconf 81' lang='lat' dir='ltr'>lb.</span> 
     </span>
    </p>
   </div>
   <div class='ocr_carea' id='block_1_2' title="bbox 246 501 1590 3571">
    <p class='ocr_par' dir='ltr' id='par_1_2' title="bbox 263 501 1535 1225">
     <span class='ocr_line' id='line_1_2' title="bbox 289 501 632 582; baseline -0.003 -19"><span class='ocrx_word' id='word_1_11' title='bbox 289 522 408 582; x_wconf 85' lang='lat' dir='ltr'>magno</span> <span class='ocrx_word' id='word_1_12' title='bbox 431 501 577 564; x_wconf 85' lang='lat' dir='ltr'>aestimat</span> <span class='ocrx_word' id='word_1_13' title='bbox 600 509 632 563; x_wconf 90' lang='lat' dir='ltr'>et</span> 
     </span>
     <span class='ocr_line' id='line_1_3' title="bbox 632 611 1165 682; baseline -0.004 -14"><span class='ocrx_word' id='word_1_14' title='bbox 632 613 705 668; x_wconf 82' lang='lat' dir='ltr'>latos</span> <span class='ocrx_word' id='word_1_15' title='bbox 729 611 846 668; x_wconf 84' lang='lat' dir='ltr'>canibus</span> <span class='ocrx_word' id='word_1_16' title='bbox 869 611 1046 668; x_wconf 84' lang='lat' dir='ltr'>circumdare</span> <span class='ocrx_word' id='word_1_17' title='bbox 1068 611 1165 682; x_wconf 80' lang='lat' dir='ltr'>saltus,</span> 
     </span>
     <span class='ocr_line' id='line_1_4' title="bbox 289 713 1506 797; baseline 0 -20"><span class='ocrx_word' id='word_1_18' title='bbox 289 725 323 777; x_wconf 93' lang='lat' dir='ltr'>ut</span> <span class='ocrx_word' id='word_1_19' title='bbox 354 714 473 777; x_wconf 88' lang='lat' dir='ltr'>illarum</span> <span class='ocrx_word' id='word_1_20' title='bbox 505 716 637 797; x_wconf 84' lang='lat' dir='ltr'>uestigia</span> <span class='ocrx_word' id='word_1_21' title='bbox 667 725 806 796; x_wconf 90' lang='lat' dir='ltr'>premat,</span> <span class='ocrx_word' id='word_1_22' title='bbox 837 717 963 796; x_wconf 87' lang='lat' dir='ltr'>potiora</span> <span class='ocrx_word' id='word_1_23' title='bbox 993 713 1109 776; x_wconf 88' lang='lat' dir='ltr'>deserit</span> <span class='ocrx_word' id='word_1_24' title='bbox 1140 713 1308 797; x_wconf 86' lang='lat' dir='ltr'>multisque</span> <span class='ocrx_word' id='word_1_25' title='bbox 1336 714 1444 776; x_wconf 80' lang='lat' dir='ltr'>officiis</span> <span class='ocrx_word' id='word_1_26' title='bbox 1466 737 1506 778; x_wconf 89' lang='lat' dir='ltr'>re-</span> 
     </span>
     <span class='ocr_line' id='line_1_5' title="bbox 289 821 1505 904; baseline 0 -20"><span class='ocrx_word' id='word_1_27' title='bbox 289 825 427 885; x_wconf 88' lang='lat' dir='ltr'><strong>nuntiat:</strong></span> <span class='ocrx_word' id='word_1_28' title='bbox 461 823 504 885; x_wconf 94' lang='lat' dir='ltr'>ita</span> <span class='ocrx_word' id='word_1_29' title='bbox 527 825 579 903; x_wconf 93' lang='lat' dir='ltr'>qui</span> <span class='ocrx_word' id='word_1_30' title='bbox 603 831 740 884; x_wconf 88' lang='lat' dir='ltr'>sectatur</span> <span class='ocrx_word' id='word_1_31' title='bbox 764 821 978 904; x_wconf 87' lang='lat' dir='ltr'>uoluptatem,</span> <span class='ocrx_word' id='word_1_32' title='bbox 1009 822 1117 882; x_wconf 88' lang='lat' dir='ltr'>omnia</span> <span class='ocrx_word' id='word_1_33' title='bbox 1139 823 1305 902; x_wconf 87' lang='lat' dir='ltr'>postponit</span> <span class='ocrx_word' id='word_1_34' title='bbox 1328 831 1360 882; x_wconf 92' lang='lat' dir='ltr'>et</span> <span class='ocrx_word' id='word_1_35' title='bbox 1383 823 1505 903; x_wconf 89' lang='lat' dir='ltr'>primam</span> 
     </span>
     <span class='ocr_line' id='line_1_6' title="bbox 263 927 1508 1011; baseline -0.002 -20"><span class='ocrx_word' id='word_1_36' title='bbox 263 929 469 992; x_wconf 81' lang='lat' dir='ltr'>⁵libertatem</span> <span class='ocrx_word' id='word_1_37' title='bbox 500 929 639 1010; x_wconf 84' lang='lat' dir='ltr'><strong>neglegit</strong></span> <span class='ocrx_word' id='word_1_38' title='bbox 670 949 707 990; x_wconf 92' lang='lat' dir='ltr'>ac</span> <span class='ocrx_word' id='word_1_39' title='bbox 736 950 795 1010; x_wconf 90' lang='lat' dir='ltr'>pro</span> <span class='ocrx_word' id='word_1_40' title='bbox 828 937 939 990; x_wconf 89' lang='lat' dir='ltr'>uentre</span> <span class='ocrx_word' id='word_1_41' title='bbox 969 927 1137 1010; x_wconf 88' lang='lat' dir='ltr'><strong>dependit,</strong></span> <span class='ocrx_word' id='word_1_42' title='bbox 1167 949 1227 989; x_wconf 89' lang='lat' dir='ltr'>nec</span> <span class='ocrx_word' id='word_1_43' title='bbox 1257 927 1437 1011; x_wconf 90' lang='lat' dir='ltr'>uoluptates</span> <span class='ocrx_word' id='word_1_44' title='bbox 1458 930 1508 990; x_wconf 88' lang='lat' dir='ltr'>sibi</span> 
     </span>
     <span class='ocr_line' id='line_1_7' title="bbox 290 1035 893 1120; baseline -0.002 -21"><span class='ocrx_word' id='word_1_45' title='bbox 290 1041 374 1112; x_wconf 89' lang='lat' dir='ltr'>emit,</span> <span class='ocrx_word' id='word_1_46' title='bbox 398 1037 455 1098; x_wconf 89' lang='lat' dir='ltr'>sed</span> <span class='ocrx_word' id='word_1_47' title='bbox 479 1057 514 1099; x_wconf 89' lang='lat' dir='ltr'>se</span> <span class='ocrx_word' id='word_1_48' title='bbox 537 1035 751 1116; x_wconf 91' lang='lat' dir='ltr'>uoluptatibus</span> <span class='ocrx_word' id='word_1_49' title='bbox 775 1036 893 1120; x_wconf 80' lang='lat' dir='ltr'>uendit.</span> 
     </span>
     <span class='ocr_line' id='line_1_8' title="bbox 379 1141 1535 1225; baseline 0.002 -20"><span class='ocrx_word' id='word_1_50' title='bbox 379 1143 451 1205; x_wconf 92' lang='lat' dir='ltr'>XV.</span> <span class='ocrx_word' id='word_1_51' title='bbox 498 1143 585 1224; x_wconf 85' lang='lat' dir='ltr'>Quid</span> <span class='ocrx_word' id='word_1_52' title='bbox 616 1152 742 1216; x_wconf 90' lang='lat' dir='ltr'>tamen,</span> <span class='ocrx_word' id='word_1_53' title='bbox 773 1143 887 1224; x_wconf 92' lang='lat' dir='ltr'>inquit,</span> <span class='ocrx_word' id='word_1_54' title='bbox 918 1141 1066 1225; x_wconf 87' lang='lat' dir='ltr'>prohibet</span> <span class='ocrx_word' id='word_1_55' title='bbox 1098 1143 1129 1203; x_wconf 92' lang='lat' dir='ltr'>in</span> <span class='ocrx_word' id='word_1_56' title='bbox 1161 1161 1257 1203; x_wconf 94' lang='lat' dir='ltr'>unum</span> <span class='ocrx_word' id='word_1_57' title='bbox 1289 1145 1438 1205; x_wconf 88' lang='lat' dir='ltr'>uirtutem</span> <span class='ocrx_word' id='word_1_58' title='bbox 1459 1159 1535 1208; x_wconf 82' lang='lat' dir='ltr'>uol</span> 
     </span>
    </p>

    <p class='ocr_par' dir='ltr' id='par_1_3' title="bbox 246 1248 1590 1438">
     <span class='ocr_line' id='line_1_9' title="bbox 246 1248 1511 1340; baseline -0.001 -28"><span class='ocrx_word' id='word_1_59' title='bbox 246 1291 248 1296; x_wconf 83' lang='lat'><em>.</em></span> <span class='ocrx_word' id='word_1_60' title='bbox 290 1252 507 1340; x_wconf 86' lang='lat' dir='ltr'>luptatemque</span> <span class='ocrx_word' id='word_1_61' title='bbox 538 1249 683 1311; x_wconf 84' lang='lat' dir='ltr'>confundi</span> <span class='ocrx_word' id='word_1_62' title='bbox 715 1258 747 1311; x_wconf 90' lang='lat' dir='ltr'>et</span> <span class='ocrx_word' id='word_1_63' title='bbox 778 1251 821 1312; x_wconf 90' lang='lat' dir='ltr'>ita</span> <span class='ocrx_word' id='word_1_64' title='bbox 851 1248 930 1310; x_wconf 82' lang='lat' dir='ltr'>effici</span> <span class='ocrx_word' id='word_1_65' title='bbox 960 1269 1120 1338; x_wconf 84' lang='lat' dir='ltr'>summum</span> <span class='ocrx_word' id='word_1_66' title='bbox 1144 1248 1282 1324; x_wconf 90' lang='lat' dir='ltr'>bonum,</span> <span class='ocrx_word' id='word_1_67' title='bbox 1313 1259 1348 1312; x_wconf 92' lang='lat' dir='ltr'>ut</span> <span class='ocrx_word' id='word_1_68' title='bbox 1377 1249 1462 1312; x_wconf 91' lang='lat' dir='ltr'>idem</span> <span class='ocrx_word' id='word_1_69' title='bbox 1483 1259 1511 1311; x_wconf 92' lang='lat' dir='ltr'>et</span> 
     </span>
     <span class='ocr_line' id='line_1_10' title="bbox 290 1355 1590 1438; baseline -0.002 -19"><span class='ocrx_word' id='word_1_70' title='bbox 290 1360 459 1420; x_wconf 90' lang='lat' dir='ltr'>honestum</span> <span class='ocrx_word' id='word_1_71' title='bbox 491 1365 523 1418; x_wconf 90' lang='lat' dir='ltr'>et</span> <span class='ocrx_word' id='word_1_72' title='bbox 553 1357 723 1418; x_wconf 89' lang='lat' dir='ltr'>iucundum</span> <span class='ocrx_word' id='word_1_73' title='bbox 755 1357 816 1418; x_wconf 85' lang='lat' dir='ltr'>sit?</span> <span class='ocrx_word' id='word_1_74' title='bbox 862 1358 935 1436; x_wconf 89' lang='lat' dir='ltr'>quia</span> <span class='ocrx_word' id='word_1_75' title='bbox 963 1376 1036 1437; x_wconf 89' lang='lat' dir='ltr'>pars</span> <span class='ocrx_word' id='word_1_76' title='bbox 1068 1355 1193 1417; x_wconf 88' lang='lat' dir='ltr'>honesti</span> <span class='ocrx_word' id='word_1_77' title='bbox 1224 1377 1289 1418; x_wconf 92' lang='lat' dir='ltr'>non</span> <span class='ocrx_word' id='word_1_78' title='bbox 1319 1366 1510 1438; x_wconf 90' lang='lat' dir='ltr'>potestesse</span> <span class='ocrx_word' id='word_1_79' title='bbox 1589 1393 1590 1424; x_wconf 48' lang='lat' dir='ltr'>r</span> 
     </span>
    </p>

    <p class='ocr_par' dir='ltr' id='par_1_4' title="bbox 252 1461 1509 1538">
     <span class='ocr_line' id='line_1_11' title="bbox 252 1461 1509 1538; baseline -0.002 -12"><span class='ocrx_word' id='word_1_80' title='bbox 252 1475 275 1514; x_wconf 85' lang='lat'>¹⁰</span> <span class='ocrx_word' id='word_1_81' title='bbox 290 1465 346 1526; x_wconf 92' lang='lat' dir='ltr'>nisi</span> <span class='ocrx_word' id='word_1_82' title='bbox 377 1464 562 1538; x_wconf 91' lang='lat' dir='ltr'>honestum,</span> <span class='ocrx_word' id='word_1_83' title='bbox 593 1484 651 1524; x_wconf 92' lang='lat' dir='ltr'>nec</span> <span class='ocrx_word' id='word_1_84' title='bbox 682 1484 841 1525; x_wconf 88' lang='lat' dir='ltr'>summum</span> <span class='ocrx_word' id='word_1_85' title='bbox 873 1463 993 1525; x_wconf 94' lang='lat' dir='ltr'>bonum</span> <span class='ocrx_word' id='word_1_86' title='bbox 1025 1461 1157 1525; x_wconf 87' lang='lat' dir='ltr'>habebit</span> <span class='ocrx_word' id='word_1_87' title='bbox 1187 1464 1397 1524; x_wconf 85' lang='lat' dir='ltr'>sinceritatem</span> <span class='ocrx_word' id='word_1_88' title='bbox 1421 1484 1509 1534; x_wconf 88' lang='lat' dir='ltr'>suam,</span> 
     </span>
    </p>

    <p class='ocr_par' dir='ltr' id='par_1_5' title="bbox 246 1562 1590 1972">
     <span class='ocr_line' id='line_1_12' title="bbox 246 1562 1590 1651; baseline 0 -19"><span class='ocrx_word' id='word_1_89' title='bbox 246 1575 251 1586; x_wconf 94' lang='lat'>&#39;</span> <span class='ocrx_word' id='word_1_90' title='bbox 289 1572 314 1632; x_wconf 90' lang='lat' dir='ltr'>si</span> <span class='ocrx_word' id='word_1_91' title='bbox 338 1571 453 1651; x_wconf 92' lang='lat' dir='ltr'>aliquid</span> <span class='ocrx_word' id='word_1_92' title='bbox 477 1572 507 1631; x_wconf 94' lang='lat' dir='ltr'>in</span> <span class='ocrx_word' id='word_1_93' title='bbox 531 1590 565 1632; x_wconf 88' lang='lat' dir='ltr'>se</span> <span class='ocrx_word' id='word_1_94' title='bbox 588 1570 699 1632; x_wconf 91' lang='lat' dir='ltr'>uiderit</span> <span class='ocrx_word' id='word_1_95' title='bbox 716 1562 872 1632; x_wconf 48' lang='lat' dir='ltr'>&#39;dissimile</span> <span class='ocrx_word' id='word_1_96' title='bbox 895 1569 1025 1632; x_wconf 90' lang='lat' dir='ltr'>meliori.</span> <span class='ocrx_word' id='word_1_97' title='bbox 1057 1591 1097 1631; x_wconf 90' lang='lat' dir='ltr'>ne</span> <span class='ocrx_word' id='word_1_98' title='bbox 1121 1570 1269 1650; x_wconf 87' lang='lat' dir='ltr'>gaudium</span> <span class='ocrx_word' id='word_1_99' title='bbox 1286 1571 1417 1651; x_wconf 90' lang='lat' dir='ltr'>quidem</span> <span class='ocrx_word' id='word_1_100' title='bbox 1432 1572 1537 1651; x_wconf 75' lang='lat' dir='ltr'>quod‘t</span> <span class='ocrx_word' id='word_1_101' title='bbox 1589 1563 1590 1604; x_wconf 45' lang='lat' dir='ltr'>i</span> 
     </span>
     <span class='ocr_line' id='line_1_13' title="bbox 290 1675 1510 1758; baseline -0.001 -20"><span class='ocrx_word' id='word_1_102' title='bbox 290 1698 332 1738; x_wconf 87' lang='lat' dir='ltr'>ex</span> <span class='ocrx_word' id='word_1_103' title='bbox 363 1678 477 1739; x_wconf 90' lang='lat' dir='ltr'>uirtute</span> <span class='ocrx_word' id='word_1_104' title='bbox 508 1680 621 1751; x_wconf 92' lang='lat' dir='ltr'>oritur,</span> <span class='ocrx_word' id='word_1_105' title='bbox 654 1679 799 1757; x_wconf 85' lang='lat' dir='ltr'>quamuis</span> <span class='ocrx_word' id='word_1_106' title='bbox 823 1676 944 1738; x_wconf 91' lang='lat' dir='ltr'>bonum</span> <span class='ocrx_word' id='word_1_107' title='bbox 968 1678 1024 1751; x_wconf 88' lang='lat' dir='ltr'>sit,</span> <span class='ocrx_word' id='word_1_108' title='bbox 1055 1676 1191 1738; x_wconf 91' lang='lat' dir='ltr'>absoluti</span> <span class='ocrx_word' id='word_1_109' title='bbox 1215 1675 1324 1739; x_wconf 81' lang='lat' dir='ltr'>t‘amen</span> <span class='ocrx_word' id='word_1_110' title='bbox 1347 1677 1424 1738; x_wconf 90' lang='lat' dir='ltr'>boni</span> <span class='ocrx_word' id='word_1_111' title='bbox 1446 1697 1510 1758; x_wconf 92' lang='lat' dir='ltr'>pars</span> 
     </span>
     <span class='ocr_line' id='line_1_14' title="bbox 290 1782 1508 1865; baseline -0.002 -19"><span class='ocrx_word' id='word_1_112' title='bbox 290 1793 346 1858; x_wconf 91' lang='lat' dir='ltr'>est,</span> <span class='ocrx_word' id='word_1_113' title='bbox 370 1805 435 1845; x_wconf 93' lang='lat' dir='ltr'>non</span> <span class='ocrx_word' id='word_1_114' title='bbox 459 1785 559 1865; x_wconf 86' lang='lat' dir='ltr'>magis</span> <span class='ocrx_word' id='word_1_115' title='bbox 583 1805 678 1865; x_wconf 91' lang='lat' dir='ltr'>quam</span> <span class='ocrx_word' id='word_1_116' title='bbox 702 1783 819 1846; x_wconf 87' lang='lat' dir='ltr'>laetitia</span> <span class='ocrx_word' id='word_1_117' title='bbox 842 1792 874 1846; x_wconf 88' lang='lat' dir='ltr'>et</span> <span class='ocrx_word' id='word_1_118' title='bbox 897 1782 1118 1864; x_wconf 89' lang='lat' dir='ltr'>tranquillitas,</span> <span class='ocrx_word' id='word_1_119' title='bbox 1142 1785 1286 1864; x_wconf 89' lang='lat' dir='ltr'>quamuis</span> <span class='ocrx_word' id='word_1_120' title='bbox 1310 1805 1353 1846; x_wconf 89' lang='lat' dir='ltr'>cx</span> <span class='ocrx_word' id='word_1_121' title='bbox 1375 1782 1508 1865; x_wconf 87' lang='lat' dir='ltr'>pulcher-</span> 
     </span>
     <span class='ocr_line' id='line_1_15' title="bbox 289 1890 1511 1972; baseline 0 -22"><span class='ocrx_word' id='word_1_122' title='bbox 289 1890 374 1952; x_wconf 88' lang='lat' dir='ltr'>rimis</span> <span class='ocrx_word' id='word_1_123' title='bbox 405 1890 504 1951; x_wconf 90' lang='lat' dir='ltr'>causis</span> <span class='ocrx_word' id='word_1_124' title='bbox 535 1899 710 1952; x_wconf 88' lang='lat' dir='ltr'>nascantur.</span> <span class='ocrx_word' id='word_1_125' title='bbox 756 1899 829 1951; x_wconf 92' lang='lat' dir='ltr'>sunt</span> <span class='ocrx_word' id='word_1_126' title='bbox 864 1890 947 1951; x_wconf 89' lang='lat' dir='ltr'>enim</span> <span class='ocrx_word' id='word_1_127' title='bbox 979 1890 1039 1952; x_wconf 88' lang='lat' dir='ltr'>ista</span> <span class='ocrx_word' id='word_1_128' title='bbox 1070 1890 1171 1970; x_wconf 80' lang='lat' dir='ltr'>bpna,</span> <span class='ocrx_word' id='word_1_129' title='bbox 1207 1891 1264 1952; x_wconf 93' lang='lat' dir='ltr'>sed</span> <span class='ocrx_word' id='word_1_130' title='bbox 1295 1891 1511 1972; x_wconf 83' lang='lat' dir='ltr'>consequentia</span> 
     </span>
    </p>

    <p class='ocr_par' dir='ltr' id='par_1_6' title="bbox 252 1997 1590 2505">
     <span class='ocr_line' id='line_1_16' title="bbox 252 1997 1537 2079; baseline -0.001 -20"><span class='ocrx_word' id='word_1_131' title='bbox 252 2010 275 2050; x_wconf 80' lang='lat'>¹⁵</span> <span class='ocrx_word' id='word_1_132' title='bbox 290 2017 449 2059; x_wconf 91' lang='lat' dir='ltr'>summum</span> <span class='ocrx_word' id='word_1_133' title='bbox 473 1997 602 2071; x_wconf 88' lang='lat' dir='ltr'>bonum,</span> <span class='ocrx_word' id='word_1_134' title='bbox 626 2016 691 2057; x_wconf 92' lang='lat' dir='ltr'>non</span> <span class='ocrx_word' id='word_1_135' title='bbox 713 1997 975 2058; x_wconf 89' lang='lat' dir='ltr'>consummantia.</span> <span class='ocrx_word' id='word_1_136' title='bbox 1014 1997 1066 2077; x_wconf 87' lang='lat' dir='ltr'>qui</span> <span class='ocrx_word' id='word_1_137' title='bbox 1089 2018 1166 2058; x_wconf 90' lang='lat' dir='ltr'>uero</span> <span class='ocrx_word' id='word_1_138' title='bbox 1189 1997 1311 2060; x_wconf 90' lang='lat' dir='ltr'>uirtutis</span> <span class='ocrx_word' id='word_1_139' title='bbox 1335 1997 1537 2079; x_wconf 79' lang='lat' dir='ltr'>uoluptatis-t</span> 
     </span>
     <span class='ocr_line' id='line_1_17' title="bbox 290 2101 1511 2185; baseline -0.002 -20"><span class='ocrx_word' id='word_1_140' title='bbox 290 2125 351 2185; x_wconf 91' lang='lat' dir='ltr'>que</span> <span class='ocrx_word' id='word_1_141' title='bbox 383 2104 569 2166; x_wconf 90' lang='lat' dir='ltr'>societatem</span> <span class='ocrx_word' id='word_1_142' title='bbox 600 2102 672 2165; x_wconf 83' lang='lat' dir='ltr'>lacit</span> <span class='ocrx_word' id='word_1_143' title='bbox 704 2113 736 2164; x_wconf 90' lang='lat' dir='ltr'>et</span> <span class='ocrx_word' id='word_1_144' title='bbox 766 2123 807 2164; x_wconf 89' lang='lat' dir='ltr'>ne</span> <span class='ocrx_word' id='word_1_145' title='bbox 836 2123 877 2168; x_wconf 89' lang='lat' dir='ltr'>ex</span> <span class='ocrx_word' id='word_1_146' title='bbox 901 2124 1003 2184; x_wconf 87' lang='lat' dir='ltr'>aequo</span> <span class='ocrx_word' id='word_1_147' title='bbox 1027 2103 1173 2184; x_wconf 91' lang='lat' dir='ltr'>quidem,</span> <span class='ocrx_word' id='word_1_148' title='bbox 1204 2101 1372 2184; x_wconf 83' lang='lat' dir='ltr'>fragilitate</span> <span class='ocrx_word' id='word_1_149' title='bbox 1397 2104 1511 2166; x_wconf 89' lang='lat' dir='ltr'>alterius</span> 
     </span>
     <span class='ocr_line' id='line_1_18' title="bbox 289 2193 1511 2292; baseline -0.002 -20"><span class='ocrx_word' id='word_1_150' title='bbox 289 2211 366 2273; x_wconf 92' lang='lat' dir='ltr'>boni</span> <span class='ocrx_word' id='word_1_151' title='bbox 397 2211 550 2291; x_wconf 92' lang='lat' dir='ltr'>quidquid</span> <span class='ocrx_word' id='word_1_152' title='bbox 581 2211 610 2270; x_wconf 91' lang='lat' dir='ltr'>in</span> <span class='ocrx_word' id='word_1_153' title='bbox 641 2209 741 2270; x_wconf 89' lang='lat' dir='ltr'>altero</span> <span class='ocrx_word' id='word_1_154' title='bbox 775 2211 890 2290; x_wconf 86' lang='lat' dir='ltr'>uigoris</span> <span class='ocrx_word' id='word_1_155' title='bbox 922 2218 970 2271; x_wconf 90' lang='lat' dir='ltr'>est</span> <span class='ocrx_word' id='word_1_156' title='bbox 1000 2193 1131 2272; x_wconf 81' lang='lat' dir='ltr'>hebetat</span> <span class='ocrx_word' id='word_1_157' title='bbox 1162 2203 1406 2292; x_wconf 83' lang='lat' dir='ltr'>libertatemque</span> <span class='ocrx_word' id='word_1_158' title='bbox 1427 2209 1511 2283; x_wconf 88' lang='lat' dir='ltr'>illam,</span> 
     </span>
     <span class='ocr_line' id='line_1_19' title="bbox 290 2315 1590 2398; baseline -0.003 -19"><span class='ocrx_word' id='word_1_159' title='bbox 290 2320 333 2380; x_wconf 90' lang='lat' dir='ltr'>ita</span> <span class='ocrx_word' id='word_1_160' title='bbox 357 2318 495 2391; x_wconf 90' lang='lat' dir='ltr'>demum,</span> <span class='ocrx_word' id='word_1_161' title='bbox 519 2318 544 2378; x_wconf 91' lang='lat' dir='ltr'>si</span> <span class='ocrx_word' id='word_1_162' title='bbox 567 2315 641 2378; x_wconf 90' lang='lat' dir='ltr'>nihil</span> <span class='ocrx_word' id='word_1_163' title='bbox 664 2337 699 2378; x_wconf 91' lang='lat' dir='ltr'>se</span> <span class='ocrx_word' id='word_1_164' title='bbox 721 2317 889 2397; x_wconf 89' lang='lat' dir='ltr'>pretiosius</span> <span class='ocrx_word' id='word_1_165' title='bbox 910 2317 1006 2391; x_wconf 89' lang='lat' dir='ltr'>nouit,</span> <span class='ocrx_word' id='word_1_166' title='bbox 1029 2317 1187 2390; x_wconf 90' lang='lat' dir='ltr'>inuictam,</span> <span class='ocrx_word' id='word_1_167' title='bbox 1212 2316 1271 2378; x_wconf 94' lang='lat' dir='ltr'>sub</span> <span class='ocrx_word' id='word_1_168' title='bbox 1292 2319 1401 2398; x_wconf 80' lang='lat' dir='ltr'>iugum</span> <span class='ocrx_word' id='word_1_169' title='bbox 1418 2317 1511 2378; x_wconf 91' lang='lat' dir='ltr'>mittit.</span> <span class='ocrx_word' id='word_1_170' title='bbox 1589 2347 1590 2352; x_wconf 42' lang='lat'>1</span> 
     </span>
     <span class='ocr_line' id='line_1_20' title="bbox 290 2422 1510 2505; baseline -0.002 -20"><span class='ocrx_word' id='word_1_171' title='bbox 290 2446 381 2499; x_wconf 89' lang='lat' dir='ltr'>nam,</span> <span class='ocrx_word' id='word_1_172' title='bbox 420 2444 502 2504; x_wconf 91' lang='lat' dir='ltr'>quae</span> <span class='ocrx_word' id='word_1_173' title='bbox 533 2424 673 2484; x_wconf 84' lang='lat' dir='ltr'>maxima</span> <span class='ocrx_word' id='word_1_174' title='bbox 704 2425 838 2485; x_wconf 89' lang='lat' dir='ltr'>seruitus</span> <span class='ocrx_word' id='word_1_175' title='bbox 870 2430 933 2498; x_wconf 90' lang='lat' dir='ltr'>est,</span> <span class='ocrx_word' id='word_1_176' title='bbox 966 2423 1072 2503; x_wconf 87' lang='lat' dir='ltr'>incipit</span> <span class='ocrx_word' id='word_1_177' title='bbox 1102 2422 1143 2485; x_wconf 91' lang='lat' dir='ltr'>illi</span> <span class='ocrx_word' id='word_1_178' title='bbox 1174 2443 1255 2505; x_wconf 91' lang='lat' dir='ltr'>opus</span> <span class='ocrx_word' id='word_1_179' title='bbox 1286 2444 1357 2485; x_wconf 89' lang='lat' dir='ltr'>esse</span> <span class='ocrx_word' id='word_1_180' title='bbox 1388 2424 1510 2486; x_wconf 81' lang='lat' dir='ltr'>fortuna.</span> 
     </span>
    </p>

    <p class='ocr_par' dir='ltr' id='par_1_7' title="bbox 250 2530 1539 3037">
     <span class='ocr_line' id='line_1_21' title="bbox 250 2530 1511 2613; baseline 0 -21"><span class='ocrx_word' id='word_1_181' title='bbox 250 2542 276 2583; x_wconf 77' lang='lat'>2⁰</span> <span class='ocrx_word' id='word_1_182' title='bbox 291 2531 429 2613; x_wconf 90' lang='lat' dir='ltr'>sequitur</span> <span class='ocrx_word' id='word_1_183' title='bbox 453 2532 517 2592; x_wconf 91' lang='lat' dir='ltr'>uita</span> <span class='ocrx_word' id='word_1_184' title='bbox 539 2532 649 2604; x_wconf 87' lang='lat' dir='ltr'>anxia,</span> <span class='ocrx_word' id='word_1_185' title='bbox 680 2530 866 2612; x_wconf 89' lang='lat' dir='ltr'>suspiciosa,</span> <span class='ocrx_word' id='word_1_186' title='bbox 890 2530 1021 2612; x_wconf 88' lang='lat' dir='ltr'>trepida,</span> <span class='ocrx_word' id='word_1_187' title='bbox 1047 2550 1154 2591; x_wconf 90' lang='lat' dir='ltr'>casum</span> <span class='ocrx_word' id='word_1_188' title='bbox 1178 2551 1311 2611; x_wconf 79' lang='lat' dir='ltr'>pauenS,</span> <span class='ocrx_word' id='word_1_189' title='bbox 1341 2539 1511 2612; x_wconf 87' lang='lat' dir='ltr'>temporum</span> 
     </span>
     <span class='ocr_line' id='line_1_22' title="bbox 291 2635 1539 2721; baseline -0.004 -21"><span class='ocrx_word' id='word_1_190' title='bbox 291 2657 444 2721; x_wconf 88' lang='lat' dir='ltr'>suspensa</span> <span class='ocrx_word' id='word_1_191' title='bbox 468 2639 647 2699; x_wconf 83' lang='lat' dir='ltr'>momentis</span> <span class='ocrx_word' id='word_1_192' title='bbox 680 2657 743 2698; x_wconf 92' lang='lat' dir='ltr'>non</span> <span class='ocrx_word' id='word_1_193' title='bbox 767 2638 824 2698; x_wconf 90' lang='lat' dir='ltr'>das</span> <span class='ocrx_word' id='word_1_194' title='bbox 848 2637 953 2698; x_wconf 90' lang='lat' dir='ltr'>uirtuti</span> <span class='ocrx_word' id='word_1_195' title='bbox 977 2635 1216 2698; x_wconf 83' lang='lat' dir='ltr'>fundamentum</span> <span class='ocrx_word' id='word_1_196' title='bbox 1233 2657 1339 2716; x_wconf 80' lang='lat' dir='ltr'>graue,</span> <span class='ocrx_word' id='word_1_197' title='bbox 1363 2636 1539 2709; x_wconf 79' lang='lat' dir='ltr'>inmobilet</span> 
     </span>
     <span class='ocr_line' id='line_1_23' title="bbox 291 2743 1512 2825; baseline -0.002 -19"><span class='ocrx_word' id='word_1_198' title='bbox 291 2745 316 2806; x_wconf 93' lang='lat' dir='ltr'>si</span> <span class='ocrx_word' id='word_1_199' title='bbox 339 2745 428 2806; x_wconf 89' lang='lat' dir='ltr'>iubes</span> <span class='ocrx_word' id='word_1_200' title='bbox 452 2744 536 2806; x_wconf 92' lang='lat' dir='ltr'>illam</span> <span class='ocrx_word' id='word_1_201' title='bbox 561 2745 590 2805; x_wconf 93' lang='lat' dir='ltr'>in</span> <span class='ocrx_word' id='word_1_202' title='bbox 614 2744 685 2805; x_wconf 91' lang='lat' dir='ltr'>loco</span> <span class='ocrx_word' id='word_1_203' title='bbox 709 2743 837 2806; x_wconf 89' lang='lat' dir='ltr'>uolubili</span> <span class='ocrx_word' id='word_1_204' title='bbox 860 2754 952 2806; x_wconf 87' lang='lat' dir='ltr'>stare.</span> <span class='ocrx_word' id='word_1_205' title='bbox 983 2743 1058 2825; x_wconf 92' lang='lat' dir='ltr'>quid</span> <span class='ocrx_word' id='word_1_206' title='bbox 1082 2752 1190 2806; x_wconf 89' lang='lat' dir='ltr'>autem</span> <span class='ocrx_word' id='word_1_207' title='bbox 1213 2752 1280 2806; x_wconf 91' lang='lat' dir='ltr'>tam</span> <span class='ocrx_word' id='word_1_208' title='bbox 1305 2744 1441 2806; x_wconf 92' lang='lat' dir='ltr'>uolubile</span> <span class='ocrx_word' id='word_1_209' title='bbox 1464 2755 1512 2816; x_wconf 90' lang='lat' dir='ltr'>est,</span> 
     </span>
     <span class='ocr_line' id='line_1_24' title="bbox 291 2849 1511 2935; baseline -0.004 -20"><span class='ocrx_word' id='word_1_210' title='bbox 291 2872 386 2935; x_wconf 92' lang='lat' dir='ltr'>quam</span> <span class='ocrx_word' id='word_1_211' title='bbox 410 2851 610 2914; x_wconf 88' lang='lat' dir='ltr'>fortuitorum</span> <span class='ocrx_word' id='word_1_212' title='bbox 636 2851 827 2930; x_wconf 78' lang='lat' dir='ltr'>expectatio¹</span> <span class='ocrx_word' id='word_1_213' title='bbox 842 2859 874 2912; x_wconf 90' lang='lat' dir='ltr'>et</span> <span class='ocrx_word' id='word_1_214' title='bbox 898 2851 1038 2931; x_wconf 89' lang='lat' dir='ltr'>corporis</span> <span class='ocrx_word' id='word_1_215' title='bbox 1059 2869 1227 2930; x_wconf 89' lang='lat' dir='ltr'>rerumque</span> <span class='ocrx_word' id='word_1_216' title='bbox 1244 2870 1359 2931; x_wconf 83' lang='lat' dir='ltr'>corpus</span> <span class='ocrx_word' id='word_1_217' title='bbox 1374 2849 1511 2912; x_wconf 89' lang='lat' dir='ltr'>adficien-</span> 
     </span>
     <span class='ocr_line' id='line_1_25' title="bbox 291 2956 1513 3037; baseline -0.004 -16"><span class='ocrx_word' id='word_1_218' title='bbox 291 2961 368 3021; x_wconf 93' lang='lat' dir='ltr'>tium</span> <span class='ocrx_word' id='word_1_219' title='bbox 393 2959 546 3019; x_wconf 88' lang='lat' dir='ltr'>uarietas?</span> <span class='ocrx_word' id='word_1_220' title='bbox 571 2956 737 3037; x_wconf 93' lang='lat' dir='ltr'>quomodo</span> <span class='ocrx_word' id='word_1_221' title='bbox 761 2957 811 3017; x_wconf 90' lang='lat' dir='ltr'>hic</span> <span class='ocrx_word' id='word_1_222' title='bbox 833 2965 940 3037; x_wconf 88' lang='lat' dir='ltr'>potest</span> <span class='ocrx_word' id='word_1_223' title='bbox 963 2957 1026 3017; x_wconf 91' lang='lat' dir='ltr'>deo</span> <span class='ocrx_word' id='word_1_224' title='bbox 1049 2976 1160 3036; x_wconf 88' lang='lat' dir='ltr'>parere</span> <span class='ocrx_word' id='word_1_225' title='bbox 1184 2965 1215 3017; x_wconf 90' lang='lat' dir='ltr'>et</span> <span class='ocrx_word' id='word_1_226' title='bbox 1235 2957 1387 3037; x_wconf 92' lang='lat' dir='ltr'>quidquid</span> <span class='ocrx_word' id='word_1_227' title='bbox 1410 2958 1513 3028; x_wconf 91' lang='lat' dir='ltr'>euenit,</span> 
     </span>
    </p>

    <p class='ocr_par' dir='ltr' id='par_1_8' title="bbox 251 3061 1541 3571">
     <span class='ocr_line' id='line_1_26' title="bbox 251 3061 1514 3144; baseline -0.005 -18"><span class='ocrx_word' id='word_1_228' title='bbox 251 3079 276 3118; x_wconf 72' lang='lat'>2⁵</span> <span class='ocrx_word' id='word_1_229' title='bbox 291 3067 379 3126; x_wconf 93' lang='lat' dir='ltr'>bono</span> <span class='ocrx_word' id='word_1_230' title='bbox 410 3066 516 3126; x_wconf 89' lang='lat' dir='ltr'>animo</span> <span class='ocrx_word' id='word_1_231' title='bbox 549 3065 695 3144; x_wconf 87' lang='lat' dir='ltr'>excipere</span> <span class='ocrx_word' id='word_1_232' title='bbox 719 3083 777 3124; x_wconf 90' lang='lat' dir='ltr'>nec</span> <span class='ocrx_word' id='word_1_233' title='bbox 802 3064 842 3124; x_wconf 90' lang='lat' dir='ltr'>de</span> <span class='ocrx_word' id='word_1_234' title='bbox 864 3063 929 3125; x_wconf 84' lang='lat' dir='ltr'>sato</span> <span class='ocrx_word' id='word_1_235' title='bbox 953 3065 1040 3144; x_wconf 91' lang='lat' dir='ltr'>queri</span> <span class='ocrx_word' id='word_1_236' title='bbox 1063 3083 1192 3125; x_wconf 90' lang='lat' dir='ltr'>casuum</span> <span class='ocrx_word' id='word_1_237' title='bbox 1216 3083 1344 3125; x_wconf 91' lang='lat' dir='ltr'>suorum</span> <span class='ocrx_word' id='word_1_238' title='bbox 1369 3061 1514 3143; x_wconf 85' lang='lat' dir='ltr'>benignus</span> 
     </span>
     <span class='ocr_line' id='line_1_27' title="bbox 292 3169 1513 3253; baseline -0.005 -19"><span class='ocrx_word' id='word_1_239' title='bbox 292 3175 460 3253; x_wconf 76' lang='lat' dir='ltr'>interpreS,</span> <span class='ocrx_word' id='word_1_240' title='bbox 492 3173 517 3232; x_wconf 90' lang='lat' dir='ltr'>si</span> <span class='ocrx_word' id='word_1_241' title='bbox 545 3171 585 3231; x_wconf 90' lang='lat' dir='ltr'>ad</span> <span class='ocrx_word' id='word_1_242' title='bbox 609 3170 808 3250; x_wconf 88' lang='lat' dir='ltr'>uoluptatum</span> <span class='ocrx_word' id='word_1_243' title='bbox 832 3170 1042 3250; x_wconf 90' lang='lat' dir='ltr'>dolorumque</span> <span class='ocrx_word' id='word_1_244' title='bbox 1066 3169 1303 3252; x_wconf 84' lang='lat' dir='ltr'>punctiunculas</span> <span class='ocrx_word' id='word_1_245' title='bbox 1326 3171 1513 3231; x_wconf 83' lang='lat' dir='ltr'>concutitur?</span> 
     </span>
     <span class='ocr_line' id='line_1_28' title="bbox 292 3276 1513 3358; baseline -0.003 -18"><span class='ocrx_word' id='word_1_246' title='bbox 292 3279 349 3340; x_wconf 93' lang='lat' dir='ltr'>sed</span> <span class='ocrx_word' id='word_1_247' title='bbox 381 3299 421 3338; x_wconf 90' lang='lat' dir='ltr'>ne</span> <span class='ocrx_word' id='word_1_248' title='bbox 444 3279 563 3358; x_wconf 86' lang='lat' dir='ltr'>patriae</span> <span class='ocrx_word' id='word_1_249' title='bbox 586 3277 714 3358; x_wconf 92' lang='lat' dir='ltr'>quidem</span> <span class='ocrx_word' id='word_1_250' title='bbox 738 3276 842 3338; x_wconf 94' lang='lat' dir='ltr'>bonus</span> <span class='ocrx_word' id='word_1_251' title='bbox 864 3286 952 3338; x_wconf 91' lang='lat' dir='ltr'>tutor</span> <span class='ocrx_word' id='word_1_252' title='bbox 975 3287 1028 3338; x_wconf 89' lang='lat' dir='ltr'>aut</span> <span class='ocrx_word' id='word_1_253' title='bbox 1052 3278 1170 3338; x_wconf 87' lang='lat' dir='ltr'>uindex</span> <span class='ocrx_word' id='word_1_254' title='bbox 1195 3285 1325 3338; x_wconf 87' lang='lat' dir='ltr'>estnec</span> <span class='ocrx_word' id='word_1_255' title='bbox 1349 3279 1513 3338; x_wconf 91' lang='lat' dir='ltr'>amicorum</span> 
     </span>
     <span class='ocr_line' id='line_1_29' title="bbox 293 3383 1541 3466; baseline -0.005 -19"><span class='ocrx_word' id='word_1_256' title='bbox 293 3394 526 3466; x_wconf 86' lang='lat' dir='ltr'>propugnator,</span> <span class='ocrx_word' id='word_1_257' title='bbox 558 3385 582 3445; x_wconf 92' lang='lat' dir='ltr'>si</span> <span class='ocrx_word' id='word_1_258' title='bbox 614 3385 655 3445; x_wconf 91' lang='lat' dir='ltr'>ad</span> <span class='ocrx_word' id='word_1_259' title='bbox 679 3384 859 3466; x_wconf 90' lang='lat' dir='ltr'>uoluptates</span> <span class='ocrx_word' id='word_1_260' title='bbox 883 3385 992 3464; x_wconf 84' lang='lat' dir='ltr'>uergit.</span> <span class='ocrx_word' id='word_1_261' title='bbox 1039 3383 1091 3444; x_wconf 92' lang='lat' dir='ltr'>illo</span> <span class='ocrx_word' id='word_1_262' title='bbox 1116 3404 1194 3465; x_wconf 85' lang='lat' dir='ltr'>ergo</span> <span class='ocrx_word' id='word_1_263' title='bbox 1217 3403 1378 3445; x_wconf 91' lang='lat' dir='ltr'>summum</span> <span class='ocrx_word' id='word_1_264' title='bbox 1400 3383 1541 3445; x_wconf 72' lang='lat' dir='ltr'>bonumt</span> 
     </span>
     <span class='ocr_line' id='line_1_30' title="bbox 293 3489 1515 3571; baseline -0.006 -18"><span class='ocrx_word' id='word_1_265' title='bbox 293 3490 458 3565; x_wconf 88' lang='lat' dir='ltr'>escendat,</span> <span class='ocrx_word' id='word_1_266' title='bbox 491 3491 574 3552; x_wconf 90' lang='lat' dir='ltr'>unde</span> <span class='ocrx_word' id='word_1_267' title='bbox 605 3489 689 3551; x_wconf 90' lang='lat' dir='ltr'>nulla</span> <span class='ocrx_word' id='word_1_268' title='bbox 712 3491 741 3551; x_wconf 95' lang='lat' dir='ltr'>ui</span> <span class='ocrx_word' id='word_1_269' title='bbox 765 3489 955 3564; x_wconf 91' lang='lat' dir='ltr'>detrahitur,</span> <span class='ocrx_word' id='word_1_270' title='bbox 988 3510 1052 3571; x_wconf 93' lang='lat' dir='ltr'>quo</span> <span class='ocrx_word' id='word_1_271' title='bbox 1076 3510 1179 3571; x_wconf 90' lang='lat' dir='ltr'>neque</span> <span class='ocrx_word' id='word_1_272' title='bbox 1203 3489 1306 3552; x_wconf 88' lang='lat' dir='ltr'>dolori</span> <span class='ocrx_word' id='word_1_273' title='bbox 1331 3509 1433 3570; x_wconf 90' lang='lat' dir='ltr'>neque</span> <span class='ocrx_word' id='word_1_274' title='bbox 1455 3489 1515 3569; x_wconf 89' lang='lat' dir='ltr'>spei</span> 
     </span>
    </p>
   </div>
   <div class='ocr_carea' id='block_1_3' title="bbox 293 3646 1590 4172">
    <p class='ocr_par' dir='ltr' id='par_1_9' title="bbox 293 3646 1590 4172">
     <span class='ocr_line' id='line_1_31' title="bbox 294 3646 1514 3718; baseline -0.008 -16"><span class='ocrx_word' id='word_1_275' title='bbox 294 3651 449 3702; x_wconf 83' lang='lat' dir='ltr'>taestlmat</span> <span class='ocrx_word' id='word_1_276' title='bbox 468 3647 565 3718; x_wconf 71' lang='lat' dir='ltr'>uritque</span> <span class='ocrx_word' id='word_1_277' title='bbox 592 3651 705 3713; x_wconf 70' lang='lat' dir='ltr'>estimant</span> <span class='ocrx_word' id='word_1_278' title='bbox 796 3648 910 3700; x_wconf 83' lang='lat' dir='ltr'>2saltus</span> <span class='ocrx_word' id='word_1_279' title='bbox 929 3647 1008 3701; x_wconf 78' lang='lat' dir='ltr'>dett:</span> <span class='ocrx_word' id='word_1_280' title='bbox 1036 3650 1099 3697; x_wconf 91' lang='lat' dir='ltr'>intus</span> <span class='ocrx_word' id='word_1_281' title='bbox 1189 3646 1325 3712; x_wconf 71' lang='lat' dir='ltr'>3premat</span> <span class='ocrx_word' id='word_1_282' title='bbox 1425 3647 1514 3698; x_wconf 78' lang='lat' dir='ltr'>buec-</span> 
     </span>
     <span class='ocr_line' id='line_1_32' title="bbox 293 3733 1590 3812; baseline -0.005 -22"><span class='ocrx_word' id='word_1_283' title='bbox 293 3741 351 3803; x_wconf 81' lang='lat' dir='ltr'>legit</span> <span class='ocrx_word' id='word_1_284' title='bbox 372 3737 478 3804; x_wconf 79' lang='lat' dir='ltr'>(cing</span> <span class='ocrx_word' id='word_1_285' title='bbox 498 3738 581 3804; x_wconf 81' lang='lat' dir='ltr'>corr.)</span> <span class='ocrx_word' id='word_1_286' title='bbox 708 3738 724 3789; x_wconf 84' lang='grc'><strong>8</strong></span> <span class='ocrx_word' id='word_1_287' title='bbox 749 3740 784 3787; x_wconf 87' lang='lat' dir='ltr'>ita</span> <span class='ocrx_word' id='word_1_288' title='bbox 802 3739 866 3788; x_wconf 88' lang='lat' dir='ltr'>effici</span> <span class='ocrx_word' id='word_1_289' title='bbox 886 3736 945 3791; x_wconf 83' lang='lat' dir='ltr'>eod.</span> <span class='ocrx_word' id='word_1_290' title='bbox 965 3753 1025 3790; x_wconf 85' lang='lat' dir='ltr'>eum</span> <span class='ocrx_word' id='word_1_291' title='bbox 1047 3734 1131 3806; x_wconf 81' lang='lat' dir='ltr'>Neap.</span> <span class='ocrx_word' id='word_1_292' title='bbox 1151 3741 1178 3788; x_wconf 90' lang='lat' dir='ltr'>et</span> <span class='ocrx_word' id='word_1_293' title='bbox 1199 3733 1326 3805; x_wconf 80' lang='lat' dir='ltr'>plurimis</span> <span class='ocrx_word' id='word_1_294' title='bbox 1345 3733 1512 3789; x_wconf 82' lang='lat' dir='ltr'>editionibus:</span> <span class='ocrx_word' id='word_1_295' title='bbox 1589 3765 1590 3812; x_wconf 57' lang='lat'>3</span> 
     </span>
     <span class='ocr_line' id='line_1_33' title="bbox 293 3815 1590 3898; baseline -0.004 -20"><span class='ocrx_word' id='word_1_296' title='bbox 293 3828 359 3878; x_wconf 80' lang='lat' dir='ltr'>effici</span> <span class='ocrx_word' id='word_1_297' title='bbox 380 3825 466 3896; x_wconf 55' lang='lat' dir='ltr'>Bipst,</span> <span class='ocrx_word' id='word_1_298' title='bbox 485 3825 605 3892; x_wconf 78' lang='lat' dir='ltr'>Fickert,</span> <span class='ocrx_word' id='word_1_299' title='bbox 622 3825 717 3879; x_wconf 77' lang='lat' dir='ltr'>Haase</span> <span class='ocrx_word' id='word_1_300' title='bbox 807 3825 1078 3893; x_wconf 66' lang='lat' dir='ltr'>biocundum&#39;nocun</span> <span class='ocrx_word' id='word_1_301' title='bbox 1095 3826 1125 3898; x_wconf 70' lang='lat' dir='ltr'>in</span> <span class='ocrx_word' id='word_1_302' title='bbox 1139 3826 1206 3891; x_wconf 84' lang='lat' dir='ltr'>ras.)</span> <span class='ocrx_word' id='word_1_303' title='bbox 1298 3825 1330 3877; x_wconf 86' lang='lat'>11</span> <span class='ocrx_word' id='word_1_304' title='bbox 1352 3826 1437 3891; x_wconf 85' lang='lat' dir='ltr'>aliquit</span> <span class='ocrx_word' id='word_1_305' title='bbox 1456 3822 1513 3886; x_wconf 82' lang='lat' dir='ltr'>(tin</span> <span class='ocrx_word' id='word_1_306' title='bbox 1589 3815 1590 3830; x_wconf 53' lang='lat'>¹</span> 
     </span>
     <span class='ocr_line' id='line_1_34' title="bbox 294 3911 1514 3983; baseline -0.006 -19"><span class='ocrx_word' id='word_1_307' title='bbox 294 3913 413 3983; x_wconf 82' lang='lat' dir='ltr'>dcorr.)</span> <span class='ocrx_word' id='word_1_308' title='bbox 506 3914 537 3967; x_wconf 81' lang='lat' dir='ltr'>lb</span> <span class='ocrx_word' id='word_1_309' title='bbox 557 3915 742 3982; x_wconf 66' lang='lat' dir='ltr'>uoluptatisq;u</span> <span class='ocrx_word' id='word_1_310' title='bbox 832 3915 865 3968; x_wconf 75' lang='lat'>17</span> <span class='ocrx_word' id='word_1_311' title='bbox 884 3917 1000 3981; x_wconf 92' lang='lat' dir='ltr'>quicquid</span> <span class='ocrx_word' id='word_1_312' title='bbox 1090 3916 1191 3979; x_wconf 70' lang='lat' dir='ltr'>hebetat</span> <span class='ocrx_word' id='word_1_313' title='bbox 1281 3913 1316 3966; x_wconf 79' lang='grc'>20</span> <span class='ocrx_word' id='word_1_314' title='bbox 1334 3915 1469 3979; x_wconf 89' lang='lat' dir='ltr'>suspiciosa</span> <span class='ocrx_word' id='word_1_315' title='bbox 1486 3911 1514 3974; x_wconf 87' lang='lat' dir='ltr'>(ic</span> 
     </span>
     <span class='ocr_line' id='line_1_35' title="bbox 294 3999 1514 4081; baseline -0.003 -25"><span class='ocrx_word' id='word_1_316' title='bbox 294 4006 320 4056; x_wconf 84' lang='lat' dir='ltr'>in</span> <span class='ocrx_word' id='word_1_317' title='bbox 339 4003 407 4069; x_wconf 86' lang='lat' dir='ltr'>ras.)</span> <span class='ocrx_word' id='word_1_318' title='bbox 500 4003 531 4055; x_wconf 78' lang='lat'>21</span> <span class='ocrx_word' id='word_1_319' title='bbox 547 4006 678 4053; x_wconf 87' lang='lat' dir='ltr'>momentis</span> <span class='ocrx_word' id='word_1_320' title='bbox 690 4001 829 4058; x_wconf 83' lang='lat' dir='ltr'>Muretus:</span> <span class='ocrx_word' id='word_1_321' title='bbox 850 4011 976 4055; x_wconf 85' lang='lat' dir='ltr'>momenta</span> <span class='ocrx_word' id='word_1_322' title='bbox 993 4011 1048 4054; x_wconf 90' lang='lat' dir='ltr'>sunt</span> <span class='ocrx_word' id='word_1_323' title='bbox 1062 4003 1140 4069; x_wconf 77' lang='lat' dir='ltr'>(baec</span> <span class='ocrx_word' id='word_1_324' title='bbox 1149 4009 1263 4081; x_wconf 70' lang='lat' dir='ltr'>prqeter</span> <span class='ocrx_word' id='word_1_325' title='bbox 1273 4007 1400 4056; x_wconf 77' lang='lat' dir='ltr'>extrema</span> <span class='ocrx_word' id='word_1_326' title='bbox 1412 4002 1439 4054; x_wconf 84' lang='lat' dir='ltr'>in</span> <span class='ocrx_word' id='word_1_327' title='bbox 1453 3999 1514 4063; x_wconf 83' lang='lat' dir='ltr'>ras.)</span> 
     </span>
     <span class='ocr_line' id='line_1_36' title="bbox 401 4089 1558 4172; baseline -0.003 -30"><span class='ocrx_word' id='word_1_328' title='bbox 401 4094 553 4142; x_wconf 71' lang='lat' dir='ltr'>immobile*</span> <span class='ocrx_word' id='word_1_329' title='bbox 573 4092 649 4159; x_wconf 75' lang='lat' dir='ltr'>(raa,</span> <span class='ocrx_word' id='word_1_330' title='bbox 668 4091 777 4145; x_wconf 82' lang='lat' dir='ltr'>uidetur</span> <span class='ocrx_word' id='word_1_331' title='bbox 792 4090 883 4161; x_wconf 80' lang='lat' dir='ltr'>fuisse</span> <span class='ocrx_word' id='word_1_332' title='bbox 900 4094 936 4159; x_wconf 83' lang='lat' dir='ltr'>m)</span> <span class='ocrx_word' id='word_1_333' title='bbox 1027 4092 1061 4145; x_wconf 78' lang='lat'>22</span> <span class='ocrx_word' id='word_1_334' title='bbox 1080 4095 1100 4142; x_wconf 90' lang='lat' dir='ltr'>si</span> <span class='ocrx_word' id='word_1_335' title='bbox 1119 4089 1211 4145; x_wconf 76' lang='lat' dir='ltr'>Koch:</span> <span class='ocrx_word' id='word_1_336' title='bbox 1232 4093 1276 4142; x_wconf 88' lang='lat' dir='ltr'>sed</span> <span class='ocrx_word' id='word_1_337' title='bbox 1365 4089 1434 4157; x_wconf 60' lang='grc' dir='ltr'>Μῖνι</span> <span class='ocrx_word' id='word_1_338' title='bbox 1453 4089 1558 4172; x_wconf 14' lang='lat' dir='ltr'>rest!</span> 
     </span>
    </p>
   </div>
   <div class='ocr_carea' id='block_1_4' title="bbox 296 4182 1515 4532">
    <p class='ocr_par' dir='ltr' id='par_1_10' title="bbox 296 4182 1515 4532">
     <span class='ocr_line' id='line_1_37' title="bbox 402 4182 1515 4268; baseline -0.006 -16"><span class='ocrx_word' id='word_1_339' title='bbox 402 4199 435 4252; x_wconf 83' lang='lat'>23</span> <span class='ocrx_word' id='word_1_340' title='bbox 457 4200 616 4249; x_wconf 86' lang='lat' dir='ltr'>afficientium</span> <span class='ocrx_word' id='word_1_341' title='bbox 637 4199 730 4268; x_wconf 81' lang='lat' dir='ltr'>(prior</span> <span class='ocrx_word' id='word_1_342' title='bbox 749 4201 761 4248; x_wconf 85' lang='lat' dir='ltr'>f</span> <span class='ocrx_word' id='word_1_343' title='bbox 777 4199 861 4264; x_wconf 77' lang='lat' dir='ltr'>corr.)</span> <span class='ocrx_word' id='word_1_344' title='bbox 934 4197 967 4250; x_wconf 80' lang='lat'>24</span> <span class='ocrx_word' id='word_1_345' title='bbox 987 4201 1103 4263; x_wconf 90' lang='lat' dir='ltr'>quicquid</span> <span class='ocrx_word' id='word_1_346' title='bbox 1194 4198 1227 4250; x_wconf 76' lang='lat'>25</span> <span class='ocrx_word' id='word_1_347' title='bbox 1251 4215 1298 4264; x_wconf 71' lang='lat' dir='ltr'>que</span> <span class='ocrx_word' id='word_1_348' title='bbox 1316 4200 1337 4247; x_wconf 87' lang='lat' dir='ltr'>ri</span> <span class='ocrx_word' id='word_1_349' title='bbox 1353 4183 1370 4248; x_wconf 72' lang='lat' dir='ltr'>t</span> <span class='ocrx_word' id='word_1_350' title='bbox 1388 4182 1420 4262; x_wconf 75' lang='lat' dir='ltr'>(t,</span> <span class='ocrx_word' id='word_1_351' title='bbox 1447 4191 1515 4264; x_wconf 83' lang='lat' dir='ltr'>quod</span> 
     </span>
     <span class='ocr_line' id='line_1_38' title="bbox 296 4283 1513 4356; baseline -0.007 -14"><span class='ocrx_word' id='word_1_352' title='bbox 296 4295 337 4342; x_wconf 81' lang='lat' dir='ltr'>est</span> <span class='ocrx_word' id='word_1_353' title='bbox 356 4296 393 4339; x_wconf 85' lang='lat' dir='ltr'>tur</span> <span class='ocrx_word' id='word_1_354' title='bbox 412 4290 439 4342; x_wconf 85' lang='lat' dir='ltr'>in</span> <span class='ocrx_word' id='word_1_355' title='bbox 459 4287 526 4356; x_wconf 75' lang='lat' dir='ltr'>rar.)</span> <span class='ocrx_word' id='word_1_356' title='bbox 635 4287 669 4340; x_wconf 78' lang='lat' dir='ltr'>2ss</span> <span class='ocrx_word' id='word_1_357' title='bbox 695 4289 777 4352; x_wconf 89' lang='lat' dir='ltr'>puncti</span> <span class='ocrx_word' id='word_1_358' title='bbox 796 4288 898 4350; x_wconf 83' lang='lat' dir='ltr'>ungulas</span> <span class='ocrx_word' id='word_1_359' title='bbox 971 4286 973 4290; x_wconf 75' lang='grc'><strong>’</strong></span> <span class='ocrx_word' id='word_1_360' title='bbox 1005 4285 1039 4340; x_wconf 87' lang='grc'>29</span> <span class='ocrx_word' id='word_1_361' title='bbox 1065 4289 1180 4337; x_wconf 87' lang='lat' dir='ltr'>escendat</span> <span class='ocrx_word' id='word_1_362' title='bbox 1199 4287 1224 4352; x_wconf 87' lang='lat' dir='ltr'>(e</span> <span class='ocrx_word' id='word_1_363' title='bbox 1242 4287 1271 4338; x_wconf 80' lang='lat' dir='ltr'>in</span> <span class='ocrx_word' id='word_1_364' title='bbox 1288 4302 1357 4351; x_wconf 64' lang='lat' dir='ltr'>rae,</span> <span class='ocrx_word' id='word_1_365' title='bbox 1383 4287 1414 4335; x_wconf 87' lang='lat' dir='ltr'>ad</span> <span class='ocrx_word' id='word_1_366' title='bbox 1431 4283 1513 4352; x_wconf 64' lang='lat' dir='ltr'>[iture</span> 
     </span>
     <span class='ocr_line' id='line_1_39' title="bbox 296 4370 1414 4446; baseline -0.007 -16"><span class='ocrx_word' id='word_1_367' title='bbox 296 4377 428 4431; x_wconf 74' lang='lat' dir='ltr'>dixerunt</span> <span class='ocrx_word' id='word_1_368' title='bbox 448 4375 538 4442; x_wconf 64' lang='lat' dir='ltr'>[tatu</span> <span class='ocrx_word' id='word_1_369' title='bbox 566 4376 657 4445; x_wconf 84' lang='lat' dir='ltr'>utique</span> <span class='ocrx_word' id='word_1_370' title='bbox 682 4370 775 4430; x_wconf 80' lang='lat' dir='ltr'>uerum</span> <span class='ocrx_word' id='word_1_371' title='bbox 801 4391 859 4428; x_wconf 84' lang='lat' dir='ltr'>esse</span> <span class='ocrx_word' id='word_1_372' title='bbox 878 4378 993 4425; x_wconf 84' lang='lat' dir='ltr'>escendat</span> <span class='ocrx_word' id='word_1_373' title='bbox 1018 4375 1136 4430; x_wconf 80' lang='lat' dir='ltr'>ostendit</span> <span class='ocrx_word' id='word_1_374' title='bbox 1153 4391 1268 4446; x_wconf 82' lang='lat' dir='ltr'>sequens</span> <span class='ocrx_word' id='word_1_375' title='bbox 1286 4377 1414 4425; x_wconf 84' lang='lat' dir='ltr'>escendere</span> 
     </span>
     <span class='ocr_line' id='line_1_40' title="bbox 297 4458 1511 4532; baseline -0.004 -16"><span class='ocrx_word' id='word_1_376' title='bbox 297 4469 361 4516; x_wconf 90' lang='lat' dir='ltr'>unde</span> <span class='ocrx_word' id='word_1_377' title='bbox 382 4469 454 4532; x_wconf 82' lang='lat' dir='ltr'>(unte</span> <span class='ocrx_word' id='word_1_378' title='bbox 474 4483 487 4514; x_wconf 93' lang='lat' dir='ltr'>u</span> <span class='ocrx_word' id='word_1_379' title='bbox 507 4481 563 4519; x_wconf 82' lang='lat' dir='ltr'>ras.</span> <span class='ocrx_word' id='word_1_380' title='bbox 583 4464 689 4519; x_wconf 84' lang='lat' dir='ltr'>litterae</span> <span class='ocrx_word' id='word_1_381' title='bbox 708 4467 742 4530; x_wconf 88' lang='lat' dir='ltr'>m)</span> <span class='ocrx_word' id='word_1_382' title='bbox 816 4466 839 4513; x_wconf 89' lang='lat' dir='ltr'>ui</span> <span class='ocrx_word' id='word_1_383' title='bbox 859 4463 896 4529; x_wconf 82' lang='lat' dir='ltr'>(in</span> <span class='ocrx_word' id='word_1_384' title='bbox 915 4466 984 4532; x_wconf 84' lang='lat' dir='ltr'>ras.)</span> <span class='ocrx_word' id='word_1_385' title='bbox 1070 4482 1125 4530; x_wconf 88' lang='lat' dir='ltr'>neq;</span> <span class='ocrx_word' id='word_1_386' title='bbox 1147 4468 1229 4515; x_wconf 86' lang='lat' dir='ltr'>dolori</span> <span class='ocrx_word' id='word_1_387' title='bbox 1244 4483 1299 4530; x_wconf 88' lang='lat' dir='ltr'>neq;</span> <span class='ocrx_word' id='word_1_388' title='bbox 1322 4464 1356 4530; x_wconf 87' lang='lat' dir='ltr'>(q;</span> <span class='ocrx_word' id='word_1_389' title='bbox 1371 4481 1395 4528; x_wconf 92' lang='lat' dir='ltr'>q;</span> <span class='ocrx_word' id='word_1_390' title='bbox 1409 4462 1436 4514; x_wconf 80' lang='lat' dir='ltr'>in</span> <span class='ocrx_word' id='word_1_391' title='bbox 1450 4458 1511 4522; x_wconf 84' lang='lat' dir='ltr'>ras.)</span> 
     </span>
    </p>
   </div>
   <div class='ocr_carea' id='block_1_5' title="bbox 0 0 1608 5316">
    <p class='ocr_par' dir='ltr' id='par_1_11' title="bbox 0 0 1608 5316">
     <span class='ocr_line' id='line_1_41' title="bbox 0 0 1608 5316; baseline 0 0"><span class='ocrx_word' id='word_1_392' title='bbox 0 0 1608 5316; x_wconf 95' lang='lat' dir='ltr'> </span> 
     </span>
    </p>
   </div>
  </div>
 </body>
</html>
