3184 5318
256 317 337 366 brak
351 317 391 366 lX.
418 319 459 362 AD
475 317 616 362 SERENVM
635 319 673 360 DE
686 315 953 371 TRANQVILLITATE
968 318 1064 363 ANIMI.
1095 323 1112 364 l.
1128 321 1148 364 l.
1250 327 1312 390 195

101 487 135 528 ne
161 465 309 547 paulatim
340 463 478 528 defluam
503 485 630 538 uereor,
661 475 716 528 aut
739 466 826 548 quod
850 475 897 530 est
921 465 1094 543 sollicitius,
1126 487 1165 530 ne
1188 487 1314 550 semper

101 591 201 634 casuro
230 570 337 634 similis
367 573 524 652 pendeam
556 581 588 634 et
616 569 685 654 plus
709 570 842 634 tortasse
865 575 905 636 sit
928 593 1023 654 quam
1046 572 1132 655 quod
1154 577 1220 656 ipse
1243 593 1312 655 per-

101 679 183 740 uideo
237 676 429 740 familiariter
460 680 543 740 enim
575 677 752 742 domestica
781 678 970 759 adspicimus
998 688 1032 742 et
1053 699 1180 762 semper
1202 681 1314 742 iudicio

65 802 86 852 lu
102 784 180 846 lauor
209 782 314 848 officit.
361 793 438 867 puto
471 784 589 846 multos
610 787 754 867 potuisse
777 787 819 848 ad
842 787 1026 868 sapientiam
1050 789 1228 868 peruenire,
1260 787 1315 848 nisi

101 899 252 973 putassent
267 910 302 952 se
318 891 506 973 peruenisse,
522 891 580 952 nisi
594 893 752 972 quaedam
768 893 798 954 in
822 911 856 954 se
879 891 1134 968 dissimulassent,
1158 893 1315 975 quaedam
1330 907 1342 946 ὁ

101 999 207 1078 opertis
223 995 320 1059 oculis
336 995 571 1060 transiluissent.
603 1017 666 1059 non
684 1007 733 1060 est
750 1000 841 1074 enim,
865 999 953 1078 quod
969 1001 1069 1080 magis
1085 997 1186 1062 aliena
1199 999 1316 1062 iudices

101 1103 270 1166 adulatione
297 1123 357 1166 nos
380 1105 479 1184 perire
503 1123 598 1184 quam
623 1110 739 1166 nostra.
788 1104 856 1185 quis
880 1104 938 1167 sibi
961 1124 1071 1167 uerum
1096 1107 1200 1168 dicere
1223 1123 1316 1166 ausus

101 1213 159 1272 est?
182 1211 250 1292 quis
273 1229 339 1271 non
362 1209 441 1272 inter
464 1208 659 1272 laudantium
676 1208 965 1291 blandientiumque
981 1211 1102 1292 positus
1118 1229 1233 1291 greges
1249 1209 1315 1291 plu-

65 1329 85 1382 u
101 1317 202 1378 nmum
226 1323 335 1378 tamen
358 1313 416 1378 sibi
440 1316 507 1397 ipse
531 1315 714 1378 adsentatus
738 1318 807 1378 est?
831 1335 912 1396 rogo
936 1316 1049 1398 itaque,
1073 1316 1098 1378 si
1114 1317 1201 1398 quod
1217 1315 1316 1378 habes

12 1503 13 1506 Ἴ
101 1421 265 1484 remedium
289 1391 355 1502 (suo
378 1413 458 1484 hanc
482 1419 718 1482 fluctuationem
743 1439 847 1483 meam
871 1421 971 1498 sistas,
995 1420 1125 1502 dignum
1146 1441 1198 1484 me
1214 1430 1316 1504 putes,
1334 1433 1357 1475 1⁰

13 1561 14 1566 κ
101 1529 147 1607 qui
167 1525 222 1587 tibi
245 1524 502 1608 tranquillitatem
526 1525 671 1588 debeam.
717 1545 781 1610 non
806 1545 875 1588 esse
898 1525 1090 1608 periculosos
1120 1527 1180 1590 hos
1211 1535 1317 1590 motus

102 1631 185 1692 animi
207 1651 266 1693 nec
289 1631 455 1714 quicquam
480 1629 664 1694 tumultuosi
688 1629 858 1695 adferentis
881 1632 954 1695 scio.
994 1642 1028 1696 ut
1052 1653 1126 1696 uera
1141 1634 1197 1698 tibi
1213 1634 1316 1702 simili-

102 1738 200 1798 tudine
222 1737 270 1812 id,
295 1737 336 1799 de
359 1757 423 1820 quo
448 1757 579 1818 queror,
610 1739 804 1820 exprimam,
828 1759 891 1800 non
915 1748 1106 1821 tempestate
1128 1760 1238 1814 uexor,
1261 1741 1318 1802 sed

102 1863 227 1905 nauseat
254 1841 387 1906 detrahe
410 1861 504 1924 erge,
527 1843 679 1924 quidquid
703 1842 765 1906 hoe
789 1854 837 1906 est
860 1844 941 1920 mali,
966 1855 998 1908 et
1021 1867 1167 1909 succurre
1190 1847 1220 1908 in
1237 1866 1316 1912 con-

103 1957 202 2030 spectu
225 1957 380 2012 terrarum
402 1948 567 2013 laboranti.
1335 1967 1358 2008 u

13 2111 14 2114 ,
79 2071 84 2120 1
185 2054 219 2116 ΙΙ.
254 2052 426 2136 [SENECA]
474 2054 603 2137 Quaero
627 2054 843 2119 mehercules
867 2057 1080 2133 iamdudum,
1104 2056 1229 2133 Serene,
1253 2059 1320 2140 ipse

104 2163 214 2236 tacituS,
237 2161 286 2223 cui
310 2160 406 2224 talem
431 2160 588 2225 adfectum
612 2163 707 2224 animi
729 2162 862 2225 similem
886 2172 1013 2245 putem,
1036 2185 1095 2226 nec
1118 2164 1169 2226 ulli
1192 2165 1320 2248 propius

104 2268 290 2330 admouerim
314 2267 466 2350 exemplo
489 2289 585 2349 quam
606 2289 726 2344 eorum,
751 2270 803 2350 qui
820 2290 861 2331 ex
878 2269 975 2352 longa
990 2280 1022 2333 et
1037 2270 1125 2352 graui
1141 2271 1320 2334 ualetudine

105 2373 231 2454 expliciti
262 2373 461 2436 motiunculis
492 2374 674 2456 leuibusque
707 2375 831 2438 interim
863 2375 991 2440 offensis
1015 2380 1265 2458 perstringuntur
1288 2388 1321 2442 et

105 2499 168 2541 cum
185 2479 326 2562 reliquias
350 2478 538 2560 effugerunt,
562 2481 788 2564 suspicionibus
813 2492 920 2545 tamen
944 2484 1156 2565 inquietantur
1180 2487 1319 2548 medicis·
1335 2499 1361 2539 2⁰

105 2605 159 2666 que
187 2587 247 2648 iam
279 2586 345 2648 sani
377 2606 505 2648 manum
536 2587 701 2669 porrigunt
733 2598 764 2650 et
795 2608 924 2651 omnem
948 2589 1095 2653 calorem·
1111 2594 1252 2673 corporis
1275 2592 1323 2653 sui

106 2690 330 2758 calumniantur.
377 2691 499 2768 horum,
523 2691 650 2768 Serene,
674 2715 737 2756 nou
761 2715 873 2777 parum
896 2717 1007 2758 sanum
1032 2706 1081 2760 est
1104 2719 1233 2780 corpus,
1265 2699 1322 2760 sed

107 2799 218 2862 sanitati
249 2817 361 2885 parum
385 2799 545 2862 adsueuit:
580 2801 659 2862 sicut
683 2809 732 2863 est
754 2803 883 2883 quidam
907 2812 1027 2866 tremor
1049 2805 1144 2866 etiam
1169 2803 1323 2886 tranquilli

78 2905 204 2980 amaris,
249 2907 357 2988 utique
390 2906 485 2988 [lacus
494 2903 513 2992 ,i
546 2928 618 2970 cum
649 2929 690 2970 ex
722 2917 914 2990 tempestate
943 2912 1103 2993 requieuit.
1164 2931 1244 2994 opus
1275 2921 1323 2974 est

107 3010 200 3093 itaque
231 3033 295 3074 non
326 3013 383 3075 illis
416 3014 607 3090 durioribus,
639 3035 720 3096 quae
743 3016 805 3079 iam
829 3018 1122 3094 transcucurrimus,
1156 3027 1190 3081 ut
1213 3017 1324 3082 alicubi
1338 3031 1363 3070 ‘²⁵

107 3117 206 3180 obstes
243 3119 316 3195 tibi,
355 3117 467 3182 alicubi
506 3121 662 3196 irascaris,
703 3120 815 3185 alicubi
859 3125 956 3186 instes
1000 3127 1122 3205 grauis:
1166 3126 1223 3188 sed
1262 3125 1323 3202 illo,

108 3226 185 3305 quod
214 3224 359 3288 ultimum
392 3227 493 3301 uenit,
525 3236 559 3289 ut
590 3226 687 3290 fidem
719 3227 775 3290 tibi
805 3228 925 3292 habeas
959 3237 990 3292 et
1020 3239 1106 3294 recta
1136 3232 1181 3294 ire
1211 3241 1243 3295 te
1275 3232 1325 3294 uia

109 3332 215 3406 credas,
240 3330 313 3394 nihil
337 3341 489 3396 euocatus
512 3335 695 3396 transuersis
719 3333 892 3396 multorum
916 3336 1053 3417 uestigiis
1073 3337 1190 3418 passim
1208 3339 1322 3401 discur-

80 3437 246 3512 urentium,
271 3439 470 3520 quorundam
496 3439 576 3501 circa
599 3440 699 3520 ipsam
723 3441 892 3503 errantium
917 3442 1007 3504 uiam.
1054 3430 1141 3523 quod
1165 3444 1325 3506 desideras

110 3549 213 3614 autem,
246 3563 397 3626 magnum
430 3553 461 3607 et
492 3565 651 3606 summum
683 3554 731 3607 est
763 3535 888 3629 deoque
920 3545 1069 3624 uicinum,
1101 3569 1172 3611 non·
1190 3551 1323 3614 concuti.
1339 3565 1364 3606 ³0

192 3758 201 3806 l
230 3771 314 3805 uereor
334 3761 373 3810 aut
393 3751 559 3810 deteriores:
581 3757 677 3808 ueriora
695 3764 721 3806 ut
828 3758 844 3812 2
868 3760 936 3824 peius
958 3756 1038 3813 Gertz
1058 3759 1115 3813 sirie
1134 3774 1218 3814 eausa

110 3838 123 3892 3
146 3845 270 3908 aspicimus
381 3843 396 3896 7
423 3845 563 3897 adulatione
580 3862 626 3896 nos
645 3861 716 3900 unus
736 3843 916 3901 deteriorum:
943 3849 1084 3899 adulatione
1103 3865 1154 3903 ont.
1174 3867 1219 3900 nos

828 3947 840 3974 e

112 3982 138 4034 ll
161 3986 307 4049 periculosos
326 3989 372 4036 hos
392 3965 484 4040 Koch:
511 3964 660 4053 periculos⁰⁸
746 3988 779 4042 13
798 4005 859 4039 uxor
950 3989 982 4042 ’14
1001 4007 1092 4040 nausea
1111 3993 1135 4055 (e
1149 3990 1235 4057 corr.)

112 4071 191 4138 quich
297 4075 331 4128 20
350 4076 442 4126 medici
454 4093 492 4141 sq;
513 4081 586 4140 (aute
598 4093 610 4126 s
623 4075 730 4146 atiqru'd
747 4078 867 4144 erasum)
976 4079 1005 4132 21
1029 4082 1140 4145 corporis
1159 4077 1323 4132 deterreres:

740 4162 801 4204 lacus

113 4216 198 4278 corpori
306 4215 340 4269 24
365 4217 447 4284 utique
465 4235 521 4268 cum
540 4215 648 4272 Haase:
677 4226 749 4284 utque
786 4227 819 4272 cti
929 4219 963 4274 25
986 4238 1048 4286 quae
1067 4223 1116 4272 iam
1136 4217 1233 4290 Pr'nqet
1250 4213 1327 4290 apud

113 4294 284 4373 Maduiqr'um:
313 4321 359 4370 que
378 4314 401 4356 et
421 4304 447 4356 ri
538 4307 628 4356 alieubi
648 4303 813 4362 deteriores:
835 4309 932 4360 alieube
951 4315 993 4363 ter
1082 4309 1116 4362 26
1137 4310 1179 4360 illo
1201 4308 1322 4378 Lipsius:

113 4404 164 4455 illud
248 4409 282 4464 ’28
302 4413 444 4462 transuersis
463 4411 560 4484 uulpo:
583 4415 711 4463 transuersi
802 4413 835 4468 29
854 4398 905 4480 ui'tft

1058 4501 1112 4556 13*
