<?xml version="1.0" encoding="UTF-8"?>
<!DOCTYPE html PUBLIC "-//W3C//DTD XHTML 1.0 Transitional//EN"
    "http://www.w3.org/TR/xhtml1/DTD/xhtml1-transitional.dtd">
<html xmlns="http://www.w3.org/1999/xhtml" xml:lang="en" lang="en">
 <head>
  <title>
</title>
<meta http-equiv="Content-Type" content="text/html;charset=utf-8" />
  <meta name='ocr-system' content='tesseract 3.04.00' />
  <meta name='ocr-capabilities' content='ocr_page ocr_carea ocr_par ocr_line ocrx_word'/>
</head>
<body>
  <div class='ocr_page' id='page_1' title='image "./lannaeisenecaed01vahlgoog_0034.png"; bbox 0 0 3234 5336; ppageno 0'>
   <div class='ocr_carea' id='block_1_1' title="bbox 498 297 1323 430">
    <p class='ocr_par' dir='ltr' id='par_1_1' title="bbox 498 297 1323 430">
     <span class='ocr_line' id='line_1_1' title="bbox 1283 297 1290 340; baseline 0 0"><span class='ocrx_word' id='word_1_1' title='bbox 1283 297 1290 340; x_wconf 79' lang='lat' dir='ltr'>l</span> 
     </span>
     <span class='ocr_line' id='line_1_2' title="bbox 498 381 1323 430; baseline -0.006 -1"><span class='ocrx_word' id='word_1_2' title='bbox 498 387 539 430; x_wconf 78' lang='lat' dir='ltr'>DE</span> <span class='ocrx_word' id='word_1_3' title='bbox 553 385 666 428; x_wconf 72' lang='lat' dir='ltr'>comer.</span> <span class='ocrx_word' id='word_1_4' title='bbox 680 383 917 428; x_wconf 74' lang='lat' dir='ltr'>Mamouattunst.</span> <span class='ocrx_word' id='word_1_5' title='bbox 1237 381 1323 425; x_wconf 82' lang='lat' dir='ltr'>xxvn</span> 
     </span>
    </p>
   </div>
   <div class='ocr_carea' id='block_1_2' title="bbox 99 529 1386 1994">
    <p class='ocr_par' dir='ltr' id='par_1_2' title="bbox 99 529 1386 1462">
     <span class='ocr_line' id='line_1_3' title="bbox 102 529 1324 615; baseline 0 -24"><span class='ocrx_word' id='word_1_6' title='bbox 102 531 277 592; x_wconf 91' lang='lat' dir='ltr'>coniectura</span> <span class='ocrx_word' id='word_1_7' title='bbox 300 529 386 593; x_wconf 90' lang='lat' dir='ltr'>haud</span> <span class='ocrx_word' id='word_1_8' title='bbox 410 529 532 595; x_wconf 83' lang='lat' dir='ltr'>difficile</span> <span class='ocrx_word' id='word_1_9' title='bbox 556 533 684 594; x_wconf 85' lang='lat' dir='ltr'>inueniri</span> <span class='ocrx_word' id='word_1_10' title='bbox 710 551 806 615; x_wconf 90' lang='lat' dir='ltr'>posse</span> <span class='ocrx_word' id='word_1_11' title='bbox 836 530 1016 604; x_wconf 90' lang='lat' dir='ltr'>uideantur,</span> <span class='ocrx_word' id='word_1_12' title='bbox 1047 531 1188 591; x_wconf 90' lang='lat' dir='ltr'>eiusdem</span> <span class='ocrx_word' id='word_1_13' title='bbox 1213 548 1324 591; x_wconf 92' lang='lat' dir='ltr'>manus</span> 
     </span>
     <span class='ocr_line' id='line_1_4' title="bbox 102 635 1322 720; baseline 0 -22"><span class='ocrx_word' id='word_1_14' title='bbox 102 637 173 699; x_wconf 88' lang='lat' dir='ltr'>haec</span> <span class='ocrx_word' id='word_1_15' title='bbox 196 635 298 699; x_wconf 90' lang='lat' dir='ltr'>habes</span> <span class='ocrx_word' id='word_1_16' title='bbox 322 637 488 700; x_wconf 89' lang='lat' dir='ltr'>miracula:</span> <span class='ocrx_word' id='word_1_17' title='bbox 525 641 552 714; x_wconf 87' lang='grc'>7,</span> <span class='ocrx_word' id='word_1_18' title='bbox 584 639 642 720; x_wconf 77' lang='lat'><strong>20,</strong></span> <span class='ocrx_word' id='word_1_19' title='bbox 667 641 850 716; x_wconf 69' lang='lat' dir='ltr'>spondere,</span> <span class='ocrx_word' id='word_1_20' title='bbox 874 637 890 696; x_wconf 95' lang='lat' dir='ltr'>i.</span> <span class='ocrx_word' id='word_1_21' title='bbox 915 639 1130 715; x_wconf 81' lang='lat' dir='ltr'>m.poudero,·</span> <span class='ocrx_word' id='word_1_22' title='bbox 1161 636 1190 714; x_wconf 98' lang='lat'><strong>7,</strong></span> <span class='ocrx_word' id='word_1_23' title='bbox 1222 637 1279 714; x_wconf 74' lang='lat'><strong>⁸23,</strong></span> <span class='ocrx_word' id='word_1_24' title='bbox 1305 637 1322 698; x_wconf 88' lang='lat'><strong>3</strong></span> 
     </span>
     <span class='ocr_line' id='line_1_5' title="bbox 101 743 1379 825; baseline -0.004 -19"><span class='ocrx_word' id='word_1_25' title='bbox 101 745 309 818; x_wconf 69' lang='lat' dir='ltr'>continemini.</span> <span class='ocrx_word' id='word_1_26' title='bbox 327 763 367 806; x_wconf 90' lang='lat' dir='ltr'>m.</span> <span class='ocrx_word' id='word_1_27' title='bbox 384 754 423 806; x_wconf 77' lang='lat' dir='ltr'>no</span> <span class='ocrx_word' id='word_1_28' title='bbox 439 749 627 818; x_wconf 60' lang='lat' dir='ltr'>continuatim</span> <span class='ocrx_word' id='word_1_29' title='bbox 645 745 672 824; x_wconf 89' lang='lat'>9,</span> <span class='ocrx_word' id='word_1_30' title='bbox 691 746 719 824; x_wconf 95' lang='lat'><strong>7,</strong></span> <span class='ocrx_word' id='word_1_31' title='bbox 736 749 754 806; x_wconf 83' lang='lat'>5</span> <span class='ocrx_word' id='word_1_32' title='bbox 769 747 856 819; x_wconf 79' lang='lat' dir='ltr'>setus,</span> <span class='ocrx_word' id='word_1_33' title='bbox 873 761 1025 825; x_wconf 84' lang='lat' dir='ltr'>suprascr.</span> <span class='ocrx_word' id='word_1_34' title='bbox 1041 751 1139 816; x_wconf 59' lang='lat' dir='ltr'>cetum</span> <span class='ocrx_word' id='word_1_35' title='bbox 1163 745 1192 823; x_wconf 87' lang='grc'>9,</span> <span class='ocrx_word' id='word_1_36' title='bbox 1212 744 1260 820; x_wconf 86' lang='grc'>11,</span> <span class='ocrx_word' id='word_1_37' title='bbox 1286 743 1319 802; x_wconf 89' lang='grc'>11</span> <span class='ocrx_word' id='word_1_38' title='bbox 1377 817 1379 822; x_wconf 23' lang='grc' dir='ltr'>Ι</span> 
     </span>
     <span class='ocr_line' id='line_1_6' title="bbox 99 847 1386 930; baseline 0 -20"><span class='ocrx_word' id='word_1_39' title='bbox 99 855 210 930; x_wconf 77' lang='lat' dir='ltr'>frusta,</span> <span class='ocrx_word' id='word_1_40' title='bbox 242 851 259 911; x_wconf 93' lang='lat' dir='ltr'>i.</span> <span class='ocrx_word' id='word_1_41' title='bbox 284 869 325 912; x_wconf 93' lang='lat' dir='ltr'>m.</span> <span class='ocrx_word' id='word_1_42' title='bbox 346 854 484 925; x_wconf 60' lang='lat' dir='ltr'>frustra·</span> <span class='ocrx_word' id='word_1_43' title='bbox 518 855 546 926; x_wconf 89' lang='grc'><strong>4,</strong></span> <span class='ocrx_word' id='word_1_44' title='bbox 574 854 622 926; x_wconf 83' lang='grc'><strong>111,</strong></span> <span class='ocrx_word' id='word_1_45' title='bbox 648 853 666 913; x_wconf 89' lang='lat'><strong>6</strong></span> <span class='ocrx_word' id='word_1_46' title='bbox 690 854 811 923; x_wconf 78' lang='lat' dir='ltr'>mirari,</span> <span class='ocrx_word' id='word_1_47' title='bbox 836 849 852 911; x_wconf 94' lang='lat' dir='ltr'>i.</span> <span class='ocrx_word' id='word_1_48' title='bbox 877 867 916 910; x_wconf 95' lang='lat' dir='ltr'>m.</span> <span class='ocrx_word' id='word_1_49' title='bbox 941 852 1035 923; x_wconf 80' lang='lat' dir='ltr'>truri;</span> <span class='ocrx_word' id='word_1_50' title='bbox 1064 852 1161 924; x_wconf 91' lang='grc'><strong>4,11,</strong></span> <span class='ocrx_word' id='word_1_51' title='bbox 1186 847 1204 910; x_wconf 88' lang='grc'>3</span> <span class='ocrx_word' id='word_1_52' title='bbox 1228 851 1324 910; x_wconf 79' lang='lat' dir='ltr'>medio</span> <span class='ocrx_word' id='word_1_53' title='bbox 1384 851 1386 860; x_wconf 83' lang='grc'>’</span> 
     </span>
     <span class='ocr_line' id='line_1_7' title="bbox 101 949 1320 1037; baseline -0.002 -19"><span class='ocrx_word' id='word_1_54' title='bbox 101 949 149 1018; x_wconf 72' lang='grc' dir='ltr'>1111ὑ</span> <span class='ocrx_word' id='word_1_55' title='bbox 165 957 279 1034; x_wconf 84' lang='lat' dir='ltr'>libello,</span> <span class='ocrx_word' id='word_1_56' title='bbox 303 957 320 1017; x_wconf 94' lang='lat' dir='ltr'>i.</span> <span class='ocrx_word' id='word_1_57' title='bbox 337 976 377 1017; x_wconf 94' lang='lat' dir='ltr'>m.</span> <span class='ocrx_word' id='word_1_58' title='bbox 403 973 426 1018; x_wconf 88' lang='lat' dir='ltr'>c.</span> <span class='ocrx_word' id='word_1_59' title='bbox 450 959 503 1037; x_wconf 73' lang='lat'>073</span> <span class='ocrx_word' id='word_1_60' title='bbox 538 957 566 1031; x_wconf 83' lang='lat' dir='ltr'>t,</span> <span class='ocrx_word' id='word_1_61' title='bbox 603 958 650 1030; x_wconf 94' lang='lat' dir='ltr'>ll,</span> <span class='ocrx_word' id='word_1_62' title='bbox 679 959 833 1035; x_wconf 70' lang='lat' dir='ltr'>apennis,</span> <span class='ocrx_word' id='word_1_63' title='bbox 865 955 881 1018; x_wconf 92' lang='lat' dir='ltr'>i.</span> <span class='ocrx_word' id='word_1_64' title='bbox 904 959 1142 1032; x_wconf 84' lang='lat' dir='ltr'>m.c.punnis;</span> <span class='ocrx_word' id='word_1_65' title='bbox 1169 957 1320 1029; x_wconf 87' lang='grc'><strong>11,19,1</strong></span> 
     </span>
     <span class='ocr_line' id='line_1_8' title="bbox 102 1061 1324 1143; baseline 0.002 -21"><span class='ocrx_word' id='word_1_66' title='bbox 102 1073 177 1124; x_wconf 82' lang='lat' dir='ltr'>taceo</span> <span class='ocrx_word' id='word_1_67' title='bbox 205 1072 269 1141; x_wconf 78' lang='lat' dir='ltr'>eru,</span> <span class='ocrx_word' id='word_1_68' title='bbox 293 1063 381 1143; x_wconf 93' lang='lat' dir='ltr'>quod</span> <span class='ocrx_word' id='word_1_69' title='bbox 405 1061 545 1125; x_wconf 86' lang='lat' dir='ltr'>debebat</span> <span class='ocrx_word' id='word_1_70' title='bbox 569 1083 638 1124; x_wconf 91' lang='lat' dir='ltr'>esse</span> <span class='ocrx_word' id='word_1_71' title='bbox 662 1071 823 1134; x_wconf 76' lang='lat' dir='ltr'>tacueram,</span> <span class='ocrx_word' id='word_1_72' title='bbox 847 1062 863 1122; x_wconf 89' lang='lat' dir='ltr'>i.</span> <span class='ocrx_word' id='word_1_73' title='bbox 881 1081 921 1122; x_wconf 91' lang='lat' dir='ltr'>m.</span> <span class='ocrx_word' id='word_1_74' title='bbox 940 1081 1002 1134; x_wconf 82' lang='lat' dir='ltr'>eru,</span> <span class='ocrx_word' id='word_1_75' title='bbox 1026 1062 1068 1124; x_wconf 89' lang='lat' dir='ltr'>ita</span> <span class='ocrx_word' id='word_1_76' title='bbox 1085 1070 1173 1122; x_wconf 91' lang='lat' dir='ltr'>utne</span> <span class='ocrx_word' id='word_1_77' title='bbox 1191 1064 1218 1136; x_wconf 90' lang='lat'><strong>7,</strong></span> <span class='ocrx_word' id='word_1_78' title='bbox 1236 1063 1287 1135; x_wconf 78' lang='lat'><strong>20,</strong></span> <span class='ocrx_word' id='word_1_79' title='bbox 1305 1063 1324 1124; x_wconf 87' lang='grc'><strong>6</strong></span> 
     </span>
     <span class='ocr_line' id='line_1_9' title="bbox 102 1167 1325 1250; baseline 0.002 -22"><span class='ocrx_word' id='word_1_80' title='bbox 102 1169 225 1249; x_wconf 91' lang='lat' dir='ltr'>quidem</span> <span class='ocrx_word' id='word_1_81' title='bbox 243 1167 296 1230; x_wconf 91' lang='lat' dir='ltr'>ubi</span> <span class='ocrx_word' id='word_1_82' title='bbox 320 1170 426 1230; x_wconf 91' lang='lat' dir='ltr'>codex</span> <span class='ocrx_word' id='word_1_83' title='bbox 449 1167 547 1231; x_wconf 89' lang='lat' dir='ltr'>habet</span> <span class='ocrx_word' id='word_1_84' title='bbox 571 1172 680 1238; x_wconf 78' lang='lat' dir='ltr'>hiante,</span> <span class='ocrx_word' id='word_1_85' title='bbox 704 1169 791 1248; x_wconf 95' lang='lat' dir='ltr'>quod</span> <span class='ocrx_word' id='word_1_86' title='bbox 814 1169 844 1230; x_wconf 91' lang='lat' dir='ltr'>in</span> <span class='ocrx_word' id='word_1_87' title='bbox 869 1168 1010 1248; x_wconf 86' lang='lat' dir='ltr'>margine</span> <span class='ocrx_word' id='word_1_88' title='bbox 1032 1169 1195 1250; x_wconf 86' lang='lat' dir='ltr'>adscripsit</span> <span class='ocrx_word' id='word_1_89' title='bbox 1211 1169 1325 1230; x_wconf 89' lang='lat' dir='ltr'>eadem</span> 
     </span>
     <span class='ocr_line' id='line_1_10' title="bbox 101 1272 1325 1355; baseline 0.001 -20"><span class='ocrx_word' id='word_1_90' title='bbox 101 1293 206 1336; x_wconf 90' lang='lat' dir='ltr'>manus</span> <span class='ocrx_word' id='word_1_91' title='bbox 223 1278 332 1349; x_wconf 80' lang='lat' dir='ltr'>hiscite,</span> <span class='ocrx_word' id='word_1_92' title='bbox 356 1275 535 1336; x_wconf 91' lang='lat' dir='ltr'>uerissimae</span> <span class='ocrx_word' id='word_1_93' title='bbox 558 1273 721 1355; x_wconf 86' lang='lat' dir='ltr'>Bongarsii</span> <span class='ocrx_word' id='word_1_94' title='bbox 738 1274 935 1336; x_wconf 88' lang='lat' dir='ltr'>coniecturae</span> <span class='ocrx_word' id='word_1_95' title='bbox 950 1278 1030 1338; x_wconf 73' lang='lat' dir='ltr'>liuta</span> <span class='ocrx_word' id='word_1_96' title='bbox 1045 1272 1141 1337; x_wconf 90' lang='lat' dir='ltr'>fidem</span> <span class='ocrx_word' id='word_1_97' title='bbox 1160 1272 1325 1336; x_wconf 84' lang='lat' dir='ltr'>detrahere</span> 
     </span>
     <span class='ocr_line' id='line_1_11' title="bbox 100 1382 202 1462; baseline 0 -20"><span class='ocrx_word' id='word_1_98' title='bbox 100 1382 202 1462; x_wconf 78' lang='lat' dir='ltr'>possit.</span> 
     </span>
    </p>

    <p class='ocr_par' dir='ltr' id='par_1_3' title="bbox 100 1485 1326 1994">
     <span class='ocr_line' id='line_1_12' title="bbox 181 1485 1324 1568; baseline -0.002 -20"><span class='ocrx_word' id='word_1_99' title='bbox 181 1487 251 1549; x_wconf 90' lang='lat' dir='ltr'>Iam</span> <span class='ocrx_word' id='word_1_100' title='bbox 284 1487 380 1548; x_wconf 87' lang='lat' dir='ltr'>missa</span> <span class='ocrx_word' id='word_1_101' title='bbox 410 1485 563 1568; x_wconf 81' lang='lat' dir='ltr'>farragine</span> <span class='ocrx_word' id='word_1_102' title='bbox 595 1487 644 1549; x_wconf 92' lang='lat' dir='ltr'>illa</span> <span class='ocrx_word' id='word_1_103' title='bbox 673 1496 836 1561; x_wconf 90' lang='lat' dir='ltr'>notarum,</span> <span class='ocrx_word' id='word_1_104' title='bbox 873 1495 1149 1567; x_wconf 90' lang='lat' dir='ltr'>argumentorum,</span> <span class='ocrx_word' id='word_1_105' title='bbox 1181 1486 1324 1548; x_wconf 90' lang='lat' dir='ltr'>admoni-</span> 
     </span>
     <span class='ocr_line' id='line_1_13' title="bbox 100 1592 1326 1674; baseline -0.001 -19"><span class='ocrx_word' id='word_1_106' title='bbox 100 1595 224 1669; x_wconf 81' lang='lat' dir='ltr'>tionum,</span> <span class='ocrx_word' id='word_1_107' title='bbox 250 1594 612 1674; x_wconf 87' lang='lat' dir='ltr'>interpretamentorum,</span> <span class='ocrx_word' id='word_1_108' title='bbox 636 1614 699 1674; x_wconf 91' lang='lat' dir='ltr'>qua</span> <span class='ocrx_word' id='word_1_109' title='bbox 722 1592 796 1654; x_wconf 90' lang='lat' dir='ltr'>illud</span> <span class='ocrx_word' id='word_1_110' title='bbox 819 1613 895 1654; x_wconf 89' lang='lat' dir='ltr'>sane</span> <span class='ocrx_word' id='word_1_111' title='bbox 911 1594 1066 1666; x_wconf 86' lang='lat' dir='ltr'>discimus,</span> <span class='ocrx_word' id='word_1_112' title='bbox 1090 1601 1208 1674; x_wconf 90' lang='lat' dir='ltr'>quanta</span> <span class='ocrx_word' id='word_1_113' title='bbox 1228 1613 1326 1674; x_wconf 88' lang='lat' dir='ltr'>opera</span> 
     </span>
     <span class='ocr_line' id='line_1_14' title="bbox 100 1697 1325 1774; baseline -0.002 -12"><span class='ocrx_word' id='word_1_114' title='bbox 100 1709 128 1762; x_wconf 87' lang='lat' dir='ltr'>et</span> <span class='ocrx_word' id='word_1_115' title='bbox 156 1701 264 1762; x_wconf 91' lang='lat' dir='ltr'>studio</span> <span class='ocrx_word' id='word_1_116' title='bbox 296 1698 419 1762; x_wconf 88' lang='lat' dir='ltr'>Seneca</span> <span class='ocrx_word' id='word_1_117' title='bbox 457 1700 572 1762; x_wconf 84' lang='lat' dir='ltr'>ultimis</span> <span class='ocrx_word' id='word_1_118' title='bbox 611 1701 735 1762; x_wconf 90' lang='lat' dir='ltr'>mediae</span> <span class='ocrx_word' id='word_1_119' title='bbox 772 1700 883 1760; x_wconf 90' lang='lat' dir='ltr'>aetatis</span> <span class='ocrx_word' id='word_1_120' title='bbox 918 1697 1048 1761; x_wconf 89' lang='lat' dir='ltr'>saeculis</span> <span class='ocrx_word' id='word_1_121' title='bbox 1087 1707 1238 1761; x_wconf 90' lang='lat' dir='ltr'>tractatus</span> <span class='ocrx_word' id='word_1_122' title='bbox 1276 1700 1325 1774; x_wconf 93' lang='lat' dir='ltr'>sit,</span> 
     </span>
     <span class='ocr_line' id='line_1_15' title="bbox 101 1804 1325 1887; baseline -0.001 -20"><span class='ocrx_word' id='word_1_123' title='bbox 101 1808 293 1869; x_wconf 89' lang='lat' dir='ltr'>redeundum</span> <span class='ocrx_word' id='word_1_124' title='bbox 318 1815 366 1868; x_wconf 89' lang='lat' dir='ltr'>est</span> <span class='ocrx_word' id='word_1_125' title='bbox 390 1808 431 1868; x_wconf 89' lang='lat' dir='ltr'>ad</span> <span class='ocrx_word' id='word_1_126' title='bbox 456 1827 584 1868; x_wconf 89' lang='lat' dir='ltr'>manum</span> <span class='ocrx_word' id='word_1_127' title='bbox 608 1807 738 1868; x_wconf 89' lang='lat' dir='ltr'>alteram</span> <span class='ocrx_word' id='word_1_128' title='bbox 763 1825 958 1887; x_wconf 88' lang='lat' dir='ltr'>operamque</span> <span class='ocrx_word' id='word_1_129' title='bbox 982 1825 1076 1867; x_wconf 88' lang='lat' dir='ltr'>manu</span> <span class='ocrx_word' id='word_1_130' title='bbox 1100 1804 1151 1867; x_wconf 91' lang='lat' dir='ltr'>illa</span> <span class='ocrx_word' id='word_1_131' title='bbox 1168 1806 1209 1866; x_wconf 88' lang='lat' dir='ltr'>ad</span> <span class='ocrx_word' id='word_1_132' title='bbox 1225 1825 1325 1886; x_wconf 89' lang='lat' dir='ltr'>genus</span> 
     </span>
     <span class='ocr_line' id='line_1_16' title="bbox 100 1907 1323 1994; baseline -0.002 -19"><span class='ocrx_word' id='word_1_133' title='bbox 100 1913 377 1994; x_wconf 86' lang='lat' dir='ltr'>orthographicum</span> <span class='ocrx_word' id='word_1_134' title='bbox 410 1913 590 1975; x_wconf 89' lang='lat' dir='ltr'>adhibitam.</span> <span class='ocrx_word' id='word_1_135' title='bbox 645 1912 697 1974; x_wconf 89' lang='lat' dir='ltr'>Ac</span> <span class='ocrx_word' id='word_1_136' title='bbox 728 1915 823 1975; x_wconf 90' lang='lat' dir='ltr'>totius</span> <span class='ocrx_word' id='word_1_137' title='bbox 860 1913 976 1975; x_wconf 90' lang='lat' dir='ltr'>codicis</span> <span class='ocrx_word' id='word_1_138' title='bbox 1008 1913 1037 1972; x_wconf 93' lang='lat' dir='ltr'>in</span> <span class='ocrx_word' id='word_1_139' title='bbox 1068 1907 1184 1992; x_wconf 81' lang='lat' dir='ltr'>genere</span> <span class='ocrx_word' id='word_1_140' title='bbox 1215 1911 1323 1973; x_wconf 91' lang='lat' dir='ltr'>ortho-</span> 
     </span>
    </p>
   </div>
   <div class='ocr_carea' id='block_1_3' title="bbox 8 2017 1325 2100">
    <p class='ocr_par' dir='ltr' id='par_1_4' title="bbox 8 2017 1325 2100">
     <span class='ocr_line' id='line_1_17' title="bbox 8 2017 1325 2100; baseline -0.002 -20"><span class='ocrx_word' id='word_1_141' title='bbox 8 2055 10 2068; x_wconf 80' lang='lat'>.</span> <span class='ocrx_word' id='word_1_142' title='bbox 101 2019 247 2100; x_wconf 88' lang='lat' dir='ltr'>graphico</span> <span class='ocrx_word' id='word_1_143' title='bbox 272 2021 352 2081; x_wconf 87' lang='lat' dir='ltr'>ratio</span> <span class='ocrx_word' id='word_1_144' title='bbox 377 2021 626 2100; x_wconf 22' lang='lat' dir='ltr'>admodumlest</span> <span class='ocrx_word' id='word_1_145' title='bbox 649 2019 819 2100; x_wconf 86' lang='lat' dir='ltr'>singularis.</span> <span class='ocrx_word' id='word_1_146' title='bbox 868 2017 949 2080; x_wconf 91' lang='lat' dir='ltr'>Cum</span> <span class='ocrx_word' id='word_1_147' title='bbox 974 2019 1056 2080; x_wconf 89' lang='lat' dir='ltr'>enim</span> <span class='ocrx_word' id='word_1_148' title='bbox 1087 2017 1244 2092; x_wconf 76' lang='lat' dir='ltr'>librariuS,</span> <span class='ocrx_word' id='word_1_149' title='bbox 1277 2019 1325 2080; x_wconf 92' lang='lat' dir='ltr'>cui</span> 
     </span>
    </p>
   </div>
   <div class='ocr_carea' id='block_1_4' title="bbox 8 2125 1395 2739">
    <p class='ocr_par' dir='ltr' id='par_1_5' title="bbox 8 2125 1395 2739">
     <span class='ocr_line' id='line_1_18' title="bbox 101 2125 1395 2206; baseline -0.003 -20"><span class='ocrx_word' id='word_1_150' title='bbox 101 2126 258 2206; x_wconf 89' lang='lat' dir='ltr'>archetypi</span> <span class='ocrx_word' id='word_1_151' title='bbox 283 2125 481 2186; x_wconf 91' lang='lat' dir='ltr'>describendi</span> <span class='ocrx_word' id='word_1_152' title='bbox 505 2145 617 2187; x_wconf 91' lang='lat' dir='ltr'>munus</span> <span class='ocrx_word' id='word_1_153' title='bbox 650 2125 790 2188; x_wconf 87' lang='lat' dir='ltr'>delatum</span> <span class='ocrx_word' id='word_1_154' title='bbox 823 2133 921 2199; x_wconf 89' lang='lat' dir='ltr'>esset,</span> <span class='ocrx_word' id='word_1_155' title='bbox 953 2125 1131 2186; x_wconf 90' lang='lat' dir='ltr'>uetustioris</span> <span class='ocrx_word' id='word_1_156' title='bbox 1163 2125 1324 2186; x_wconf 88' lang='lat' dir='ltr'>cuiusdam</span> <span class='ocrx_word' id='word_1_157' title='bbox 1391 2175 1395 2182; x_wconf 92' lang='lat'>.</span> 
     </span>
     <span class='ocr_line' id='line_1_19' title="bbox 101 2213 1323 2312; baseline -0.001 -20"><span class='ocrx_word' id='word_1_158' title='bbox 101 2231 343 2312; x_wconf 86' lang='lat' dir='ltr'>orthographiae</span> <span class='ocrx_word' id='word_1_159' title='bbox 383 2243 534 2312; x_wconf 92' lang='lat' dir='ltr'>quantum</span> <span class='ocrx_word' id='word_1_160' title='bbox 559 2230 624 2293; x_wconf 88' lang='lat' dir='ltr'>fieri</span> <span class='ocrx_word' id='word_1_161' title='bbox 648 2213 756 2312; x_wconf 86' lang='lat' dir='ltr'>posset</span> <span class='ocrx_word' id='word_1_162' title='bbox 792 2232 838 2306; x_wconf 39' lang='lat' dir='ltr'>ad,</span> <span class='ocrx_word' id='word_1_163' title='bbox 864 2229 941 2292; x_wconf 91' lang='lat' dir='ltr'>illius</span> <span class='ocrx_word' id='word_1_164' title='bbox 973 2231 1083 2292; x_wconf 87' lang='lat' dir='ltr'>aetatis</span> <span class='ocrx_word' id='word_1_165' title='bbox 1107 2231 1244 2293; x_wconf 89' lang='lat' dir='ltr'>rationes</span> <span class='ocrx_word' id='word_1_166' title='bbox 1267 2231 1323 2291; x_wconf 91' lang='lat' dir='ltr'>ad-</span> 
     </span>
     <span class='ocr_line' id='line_1_20' title="bbox 8 2323 1325 2418; baseline -0.002 -18"><span class='ocrx_word' id='word_1_167' title='bbox 8 2381 9 2384; x_wconf 25' lang='lat'><em>*</em></span> <span class='ocrx_word' id='word_1_168' title='bbox 102 2341 303 2400; x_wconf 88' lang='lat' dir='ltr'>commodare</span> <span class='ocrx_word' id='word_1_169' title='bbox 328 2336 377 2399; x_wconf 91' lang='lat' dir='ltr'>uel</span> <span class='ocrx_word' id='word_1_170' title='bbox 402 2337 484 2400; x_wconf 93' lang='lat' dir='ltr'>ultro</span> <span class='ocrx_word' id='word_1_171' title='bbox 508 2338 555 2399; x_wconf 93' lang='lat' dir='ltr'>uel</span> <span class='ocrx_word' id='word_1_172' title='bbox 580 2351 708 2400; x_wconf 90' lang='lat' dir='ltr'>coactus</span> <span class='ocrx_word' id='word_1_173' title='bbox 732 2339 889 2411; x_wconf 90' lang='lat' dir='ltr'>studeret,</span> <span class='ocrx_word' id='word_1_174' title='bbox 921 2338 952 2398; x_wconf 92' lang='lat' dir='ltr'>id</span> <span class='ocrx_word' id='word_1_175' title='bbox 976 2337 1104 2418; x_wconf 89' lang='lat' dir='ltr'>quidem</span> <span class='ocrx_word' id='word_1_176' title='bbox 1137 2335 1257 2410; x_wconf 81' lang='lat' dir='ltr'>effecit,</span> <span class='ocrx_word' id='word_1_177' title='bbox 1290 2323 1325 2398; x_wconf 50' lang='lat' dir='ltr'>u‘t</span> 
     </span>
     <span class='ocr_line' id='line_1_21' title="bbox 101 2443 1324 2526; baseline -0.002 -20"><span class='ocrx_word' id='word_1_178' title='bbox 101 2446 127 2506; x_wconf 93' lang='lat' dir='ltr'>in</span> <span class='ocrx_word' id='word_1_179' title='bbox 157 2446 336 2507; x_wconf 89' lang='lat' dir='ltr'>uniuersum</span> <span class='ocrx_word' id='word_1_180' title='bbox 367 2444 589 2526; x_wconf 86' lang='lat' dir='ltr'>aequabilitate</span> <span class='ocrx_word' id='word_1_181' title='bbox 620 2446 758 2526; x_wconf 82' lang='lat' dir='ltr'>quadani</span> <span class='ocrx_word' id='word_1_182' title='bbox 790 2444 883 2507; x_wconf 91' lang='lat' dir='ltr'>lectio</span> <span class='ocrx_word' id='word_1_183' title='bbox 914 2443 1074 2524; x_wconf 89' lang='lat' dir='ltr'>scriptoris</span> <span class='ocrx_word' id='word_1_184' title='bbox 1105 2443 1324 2518; x_wconf 89' lang='lat' dir='ltr'>contineretur,</span> 
     </span>
     <span class='ocr_line' id='line_1_22' title="bbox 101 2548 1324 2632; baseline -0.001 -22"><span class='ocrx_word' id='word_1_185' title='bbox 101 2551 150 2611; x_wconf 89' lang='lat' dir='ltr'>sed</span> <span class='ocrx_word' id='word_1_186' title='bbox 173 2551 274 2613; x_wconf 91' lang='lat' dir='ltr'>multa</span> <span class='ocrx_word' id='word_1_187' title='bbox 297 2559 405 2613; x_wconf 90' lang='lat' dir='ltr'>tamen</span> <span class='ocrx_word' id='word_1_188' title='bbox 429 2553 771 2632; x_wconf 86' lang='lat' dir='ltr'>praetermitterentur,</span> <span class='ocrx_word' id='word_1_189' title='bbox 802 2570 883 2632; x_wconf 91' lang='lat' dir='ltr'>quae</span> <span class='ocrx_word' id='word_1_190' title='bbox 914 2569 986 2612; x_wconf 89' lang='lat' dir='ltr'>cum</span> <span class='ocrx_word' id='word_1_191' title='bbox 1010 2548 1141 2630; x_wconf 85' lang='lat' dir='ltr'>reliquis&#39;</span> <span class='ocrx_word' id='word_1_192' title='bbox 1158 2549 1260 2630; x_wconf 88' lang='lat' dir='ltr'>qualia</span> <span class='ocrx_word' id='word_1_193' title='bbox 1283 2549 1324 2610; x_wconf 90' lang='lat' dir='ltr'>ab</span> 
     </span>
     <span class='ocr_line' id='line_1_23' title="bbox 101 2655 1325 2739; baseline -0.001 -22"><span class='ocrx_word' id='word_1_194' title='bbox 101 2657 162 2736; x_wconf 91' lang='lat' dir='ltr'>ipso</span> <span class='ocrx_word' id='word_1_195' title='bbox 186 2668 294 2720; x_wconf 89' lang='lat' dir='ltr'>essent</span> <span class='ocrx_word' id='word_1_196' title='bbox 318 2658 498 2732; x_wconf 88' lang='lat' dir='ltr'>constituta,</span> <span class='ocrx_word' id='word_1_197' title='bbox 520 2677 649 2739; x_wconf 92' lang='lat' dir='ltr'>prorsus</span> <span class='ocrx_word' id='word_1_198' title='bbox 674 2677 738 2718; x_wconf 94' lang='lat' dir='ltr'>non</span> <span class='ocrx_word' id='word_1_199' title='bbox 762 2657 975 2718; x_wconf 90' lang='lat' dir='ltr'>conuenirent.</span> <span class='ocrx_word' id='word_1_200' title='bbox 1022 2656 1112 2718; x_wconf 89' lang='lat' dir='ltr'>Haec</span> <span class='ocrx_word' id='word_1_201' title='bbox 1142 2667 1175 2717; x_wconf 94' lang='lat' dir='ltr'>ut</span> <span class='ocrx_word' id='word_1_202' title='bbox 1199 2655 1325 2717; x_wconf 91' lang='lat' dir='ltr'>tolleret</span> 
     </span>
    </p>
   </div>
   <div class='ocr_carea' id='block_1_5' title="bbox 8 2759 1326 2845">
    <p class='ocr_par' dir='ltr' id='par_1_6' title="bbox 8 2759 1326 2845">
     <span class='ocr_line' id='line_1_24' title="bbox 8 2759 1326 2845; baseline -0.002 -21"><span class='ocrx_word' id='word_1_203' title='bbox 8 2759 9 2796; x_wconf 72' lang='lat'>³</span> <span class='ocrx_word' id='word_1_204' title='bbox 101 2783 251 2826; x_wconf 90' lang='lat' dir='ltr'>unacum</span> <span class='ocrx_word' id='word_1_205' title='bbox 276 2765 373 2825; x_wconf 90' lang='lat' dir='ltr'>totius</span> <span class='ocrx_word' id='word_1_206' title='bbox 396 2764 556 2845; x_wconf 90' lang='lat' dir='ltr'>scriptoris</span> <span class='ocrx_word' id='word_1_207' title='bbox 580 2766 802 2826; x_wconf 88' lang='lat' dir='ltr'>emendatione</span> <span class='ocrx_word' id='word_1_208' title='bbox 827 2782 938 2825; x_wconf 90' lang='lat' dir='ltr'>manus</span> <span class='ocrx_word' id='word_1_209' title='bbox 962 2762 1060 2824; x_wconf 90' lang='lat' dir='ltr'>altera</span> <span class='ocrx_word' id='word_1_210' title='bbox 1079 2762 1138 2824; x_wconf 91' lang='lat' dir='ltr'>sibi</span> <span class='ocrx_word' id='word_1_211' title='bbox 1160 2763 1326 2844; x_wconf 90' lang='lat' dir='ltr'>proposuit</span> 
     </span>
    </p>
   </div>
   <div class='ocr_carea' id='block_1_6' title="bbox 8 2864 1356 3373">
    <p class='ocr_par' dir='ltr' id='par_1_7' title="bbox 8 2864 1356 3373">
     <span class='ocr_line' id='line_1_25' title="bbox 101 2864 1356 2952; baseline -0.002 -22"><span class='ocrx_word' id='word_1_212' title='bbox 101 2872 207 2934; x_wconf 88' lang='lat' dir='ltr'>eadem</span> <span class='ocrx_word' id='word_1_213' title='bbox 240 2871 398 2932; x_wconf 90' lang='lat' dir='ltr'>modestia</span> <span class='ocrx_word' id='word_1_214' title='bbox 426 2871 540 2952; x_wconf 91' lang='lat' dir='ltr'>quain</span> <span class='ocrx_word' id='word_1_215' title='bbox 565 2870 689 2951; x_wconf 90' lang='lat' dir='ltr'>reliquis</span> <span class='ocrx_word' id='word_1_216' title='bbox 714 2869 861 2932; x_wconf 90' lang='lat' dir='ltr'>utebatur</span> <span class='ocrx_word' id='word_1_217' title='bbox 894 2869 943 2930; x_wconf 90' lang='lat' dir='ltr'>uel</span> <span class='ocrx_word' id='word_1_218' title='bbox 974 2869 1096 2950; x_wconf 90' lang='lat' dir='ltr'>punctis</span> <span class='ocrx_word' id='word_1_219' title='bbox 1128 2869 1237 2950; x_wconf 91' lang='lat' dir='ltr'>positis</span> <span class='ocrx_word' id='word_1_220' title='bbox 1275 2864 1356 2929; x_wconf 90' lang='lat' dir='ltr'>uel·</span> 
     </span>
     <span class='ocr_line' id='line_1_26' title="bbox 100 2972 1326 3059; baseline -0.002 -23"><span class='ocrx_word' id='word_1_221' title='bbox 100 2975 220 3057; x_wconf 90' lang='lat' dir='ltr'>singulis</span> <span class='ocrx_word' id='word_1_222' title='bbox 244 2976 355 3038; x_wconf 90' lang='lat' dir='ltr'>litteris</span> <span class='ocrx_word' id='word_1_223' title='bbox 378 2978 594 3059; x_wconf 87' lang='lat' dir='ltr'>suprascriptis</span> <span class='ocrx_word' id='word_1_224' title='bbox 625 2976 674 3037; x_wconf 90' lang='lat' dir='ltr'>uel</span> <span class='ocrx_word' id='word_1_225' title='bbox 703 2985 846 3056; x_wconf 91' lang='lat' dir='ltr'>utroque·</span> <span class='ocrx_word' id='word_1_226' title='bbox 860 2975 1003 3036; x_wconf 90' lang='lat' dir='ltr'>remedio</span> <span class='ocrx_word' id='word_1_227' title='bbox 1031 2973 1172 3036; x_wconf 85' lang='lat' dir='ltr'>confuso.</span> <span class='ocrx_word' id='word_1_228' title='bbox 1219 2972 1326 3036; x_wconf 88' lang='lat' dir='ltr'>Secuti</span> 
     </span>
     <span class='ocr_line' id='line_1_27' title="bbox 100 3081 1325 3164; baseline -0.002 -22"><span class='ocrx_word' id='word_1_229' title='bbox 100 3092 167 3144; x_wconf 88' lang='lat' dir='ltr'>sunt</span> <span class='ocrx_word' id='word_1_230' title='bbox 188 3084 220 3144; x_wconf 92' lang='lat' dir='ltr'>in</span> <span class='ocrx_word' id='word_1_231' title='bbox 244 3083 307 3144; x_wconf 93' lang='lat' dir='ltr'>hoc</span> <span class='ocrx_word' id='word_1_232' title='bbox 331 3103 458 3164; x_wconf 91' lang='lat' dir='ltr'>quoque</span> <span class='ocrx_word' id='word_1_233' title='bbox 482 3103 598 3163; x_wconf 86' lang='lat' dir='ltr'>genere</span> <span class='ocrx_word' id='word_1_234' title='bbox 615 3083 800 3144; x_wconf 88' lang='lat' dir='ltr'>robustioris</span> <span class='ocrx_word' id='word_1_235' title='bbox 817 3101 933 3163; x_wconf 88' lang='lat' dir='ltr'>operae</span> <span class='ocrx_word' id='word_1_236' title='bbox 950 3088 1152 3155; x_wconf 88' lang='lat' dir='ltr'>correctores,</span> <span class='ocrx_word' id='word_1_237' title='bbox 1176 3081 1228 3160; x_wconf 94' lang='lat' dir='ltr'>qui</span> <span class='ocrx_word' id='word_1_238' title='bbox 1243 3098 1325 3159; x_wconf 88' lang='lat' dir='ltr'>quae</span> 
     </span>
     <span class='ocr_line' id='line_1_28' title="bbox 8 3186 1324 3269; baseline 0 -22"><span class='ocrx_word' id='word_1_239' title='bbox 8 3215 9 3218; x_wconf 38' lang='lat'>¹</span> <span class='ocrx_word' id='word_1_240' title='bbox 101 3207 205 3250; x_wconf 90' lang='lat' dir='ltr'>manus</span> <span class='ocrx_word' id='word_1_241' title='bbox 229 3187 329 3249; x_wconf 87' lang='lat' dir='ltr'>altera</span> <span class='ocrx_word' id='word_1_242' title='bbox 351 3187 557 3269; x_wconf 84' lang='lat' dir='ltr'>significasset</span> <span class='ocrx_word' id='word_1_243' title='bbox 578 3198 710 3262; x_wconf 89' lang='lat' dir='ltr'>tantum,</span> <span class='ocrx_word' id='word_1_244' title='bbox 733 3190 777 3250; x_wconf 91' lang='lat' dir='ltr'>ita</span> <span class='ocrx_word' id='word_1_245' title='bbox 797 3189 854 3250; x_wconf 88' lang='lat' dir='ltr'>sibi</span> <span class='ocrx_word' id='word_1_246' title='bbox 878 3186 1068 3268; x_wconf 89' lang='lat' dir='ltr'>perficienda</span> <span class='ocrx_word' id='word_1_247' title='bbox 1085 3207 1153 3248; x_wconf 89' lang='lat' dir='ltr'>esse</span> <span class='ocrx_word' id='word_1_248' title='bbox 1169 3193 1324 3269; x_wconf 87' lang='lat' dir='ltr'>putarent,</span> 
     </span>
     <span class='ocr_line' id='line_1_29' title="bbox 8 3273 1325 3373; baseline -0.001 -19"><span class='ocrx_word' id='word_1_249' title='bbox 8 3273 9 3284; x_wconf 11' lang='grc' dir='ltr'>ἵ</span> <span class='ocrx_word' id='word_1_250' title='bbox 101 3303 131 3355; x_wconf 92' lang='lat' dir='ltr'>ut</span> <span class='ocrx_word' id='word_1_251' title='bbox 153 3315 252 3356; x_wconf 90' lang='lat' dir='ltr'>nouas</span> <span class='ocrx_word' id='word_1_252' title='bbox 276 3294 396 3356; x_wconf 87' lang='lat' dir='ltr'>litteras</span> <span class='ocrx_word' id='word_1_253' title='bbox 421 3296 451 3356; x_wconf 91' lang='lat' dir='ltr'>in</span> <span class='ocrx_word' id='word_1_254' title='bbox 474 3306 617 3356; x_wconf 89' lang='lat' dir='ltr'>ueterum</span> <span class='ocrx_word' id='word_1_255' title='bbox 640 3297 746 3357; x_wconf 91' lang='lat' dir='ltr'>iocum</span> <span class='ocrx_word' id='word_1_256' title='bbox 770 3294 940 3356; x_wconf 89' lang='lat' dir='ltr'>succedere</span> <span class='ocrx_word' id='word_1_257' title='bbox 972 3293 1129 3367; x_wconf 90' lang='lat' dir='ltr'>iuberent,</span> <span class='ocrx_word' id='word_1_258' title='bbox 1161 3301 1325 3373; x_wconf 89' lang='lat' dir='ltr'>praeterea</span> 
     </span>
    </p>
   </div>
   <div class='ocr_carea' id='block_1_7' title="bbox 8 3395 1377 3694">
    <p class='ocr_par' dir='ltr' id='par_1_8' title="bbox 8 3395 1377 3694">
     <span class='ocr_line' id='line_1_30' title="bbox 8 3395 1323 3483; baseline -0.002 -22"><span class='ocrx_word' id='word_1_259' title='bbox 8 3395 9 3398; x_wconf 50' lang='lat'>&#39;</span> <span class='ocrx_word' id='word_1_260' title='bbox 100 3408 200 3462; x_wconf 87' lang='lat' dir='ltr'>autem</span> <span class='ocrx_word' id='word_1_261' title='bbox 224 3420 307 3482; x_wconf 91' lang='lat' dir='ltr'>quae</span> <span class='ocrx_word' id='word_1_262' title='bbox 330 3401 387 3483; x_wconf 91' lang='lat' dir='ltr'>ipsi</span> <span class='ocrx_word' id='word_1_263' title='bbox 410 3401 468 3462; x_wconf 89' lang='lat' dir='ltr'>sibi</span> <span class='ocrx_word' id='word_1_264' title='bbox 492 3399 570 3463; x_wconf 83' lang='lat' dir='ltr'>falsa</span> <span class='ocrx_word' id='word_1_265' title='bbox 593 3421 662 3464; x_wconf 90' lang='lat' dir='ltr'>esse</span> <span class='ocrx_word' id='word_1_266' title='bbox 693 3401 884 3462; x_wconf 91' lang='lat' dir='ltr'>intellexisse</span> <span class='ocrx_word' id='word_1_267' title='bbox 908 3401 1089 3461; x_wconf 91' lang='lat' dir='ltr'>uiderentur</span> <span class='ocrx_word' id='word_1_268' title='bbox 1112 3407 1166 3460; x_wconf 89' lang='lat' dir='ltr'>aut</span> <span class='ocrx_word' id='word_1_269' title='bbox 1188 3399 1232 3460; x_wconf 88' lang='lat' dir='ltr'>ita</span> <span class='ocrx_word' id='word_1_270' title='bbox 1255 3418 1323 3459; x_wconf 90' lang='lat' dir='ltr'>cor·</span> 
     </span>
     <span class='ocr_line' id='line_1_31' title="bbox 8 3503 1325 3587; baseline 0.001 -23"><span class='ocrx_word' id='word_1_271' title='bbox 8 3541 9 3550; x_wconf 60' lang='lat'>.</span> <span class='ocrx_word' id='word_1_272' title='bbox 101 3505 247 3584; x_wconf 89' lang='lat' dir='ltr'>rigerent,</span> <span class='ocrx_word' id='word_1_273' title='bbox 280 3515 314 3568; x_wconf 93' lang='lat' dir='ltr'>ut</span> <span class='ocrx_word' id='word_1_274' title='bbox 345 3506 467 3568; x_wconf 88' lang='lat' dir='ltr'>litterae</span> <span class='ocrx_word' id='word_1_275' title='bbox 499 3515 640 3570; x_wconf 89' lang='lat' dir='ltr'>mutatae</span> <span class='ocrx_word' id='word_1_276' title='bbox 670 3507 837 3587; x_wconf 87' lang='lat' dir='ltr'>uestigium</span> <span class='ocrx_word' id='word_1_277' title='bbox 872 3504 1000 3586; x_wconf 89' lang='lat' dir='ltr'>aliquod</span> <span class='ocrx_word' id='word_1_278' title='bbox 1031 3503 1241 3585; x_wconf 90' lang='lat' dir='ltr'>relinquerent</span> <span class='ocrx_word' id='word_1_279' title='bbox 1270 3512 1325 3565; x_wconf 86' lang='lat' dir='ltr'>aut</span> 
     </span>
     <span class='ocr_line' id='line_1_32' title="bbox 8 3608 1377 3694; baseline -0.002 -21"><span class='ocrx_word' id='word_1_280' title='bbox 8 3631 9 3634; x_wconf 69' lang='grc'>’</span> <span class='ocrx_word' id='word_1_281' title='bbox 100 3613 183 3692; x_wconf 93' lang='lat' dir='ltr'>quod</span> <span class='ocrx_word' id='word_1_282' title='bbox 206 3624 300 3675; x_wconf 87' lang='lat' dir='ltr'>antea</span> <span class='ocrx_word' id='word_1_283' title='bbox 322 3609 472 3694; x_wconf 89' lang='lat' dir='ltr'>scriptum</span> <span class='ocrx_word' id='word_1_284' title='bbox 496 3622 588 3688; x_wconf 90' lang='lat' dir='ltr'>esset,</span> <span class='ocrx_word' id='word_1_285' title='bbox 611 3614 655 3676; x_wconf 90' lang='lat' dir='ltr'>ita</span> <span class='ocrx_word' id='word_1_286' title='bbox 678 3612 826 3687; x_wconf 90' lang='lat' dir='ltr'>delerent,</span> <span class='ocrx_word' id='word_1_287' title='bbox 852 3621 890 3673; x_wconf 88' lang='lat' dir='ltr'>ut·</span> <span class='ocrx_word' id='word_1_288' title='bbox 909 3631 1033 3674; x_wconf 91' lang='lat' dir='ltr'>rasurae</span> <span class='ocrx_word' id='word_1_289' title='bbox 1058 3612 1146 3672; x_wconf 92' lang='lat' dir='ltr'>unius</span> <span class='ocrx_word' id='word_1_290' title='bbox 1169 3608 1324 3672; x_wconf 86' lang='lat' dir='ltr'>beneficio</span> <span class='ocrx_word' id='word_1_291' title='bbox 1376 3657 1377 3664; x_wconf 58' lang='lat'>.</span> 
     </span>
    </p>
   </div>
   <div class='ocr_carea' id='block_1_8' title="bbox 99 3716 1325 4012">
    <p class='ocr_par' dir='ltr' id='par_1_9' title="bbox 99 3716 1325 4012">
     <span class='ocr_line' id='line_1_33' title="bbox 101 3716 1324 3801; baseline 0.001 -25"><span class='ocrx_word' id='word_1_292' title='bbox 101 3736 212 3798; x_wconf 91' lang='lat' dir='ltr'>operae</span> <span class='ocrx_word' id='word_1_293' title='bbox 234 3739 346 3781; x_wconf 91' lang='lat' dir='ltr'>eorum</span> <span class='ocrx_word' id='word_1_294' title='bbox 370 3721 607 3782; x_wconf 88' lang='lat' dir='ltr'>admoneamur.</span> <span class='ocrx_word' id='word_1_295' title='bbox 655 3719 761 3800; x_wconf 85' lang='lat' dir='ltr'>Quam</span> <span class='ocrx_word' id='word_1_296' title='bbox 786 3720 925 3801; x_wconf 90' lang='lat' dir='ltr'>ipsorum</span> <span class='ocrx_word' id='word_1_297' title='bbox 949 3738 1080 3800; x_wconf 91' lang='lat' dir='ltr'>operam</span> <span class='ocrx_word' id='word_1_298' title='bbox 1112 3716 1269 3798; x_wconf 91' lang='lat' dir='ltr'>duplicem</span> <span class='ocrx_word' id='word_1_299' title='bbox 1293 3717 1324 3777; x_wconf 92' lang='lat' dir='ltr'>in</span> 
     </span>
     <span class='ocr_line' id='line_1_34' title="bbox 99 3823 1325 3918; baseline 0.001 -36"><span class='ocrx_word' id='word_1_300' title='bbox 99 3823 203 3886; x_wconf 91' lang='lat' dir='ltr'>tabula</span> <span class='ocrx_word' id='word_1_301' title='bbox 224 3825 559 3908; x_wconf 87' lang='lat' dir='ltr'>photolithographica</span> <span class='ocrx_word' id='word_1_302' title='bbox 582 3827 704 3918; x_wconf 84' lang='lat' dir='ltr'>optime</span> <span class='ocrx_word' id='word_1_303' title='bbox 727 3825 843 3907; x_wconf 90' lang='lat' dir='ltr'>probat</span> <span class='ocrx_word' id='word_1_304' title='bbox 873 3827 1010 3907; x_wconf 88' lang='lat' dir='ltr'>primum</span> <span class='ocrx_word' id='word_1_305' title='bbox 1042 3834 1203 3902; x_wconf 80' lang='lat' dir='ltr'>opsterret,</span> <span class='ocrx_word' id='word_1_306' title='bbox 1232 3823 1284 3884; x_wconf 93' lang='lat' dir='ltr'>ubi</span> <span class='ocrx_word' id='word_1_307' title='bbox 1309 3825 1325 3884; x_wconf 82' lang='lat' dir='ltr'>h</span> 
     </span>
     <span class='ocr_line' id='line_1_35' title="bbox 101 3927 1322 4012; baseline -0.003 -18"><span class='ocrx_word' id='word_1_308' title='bbox 101 3927 168 4006; x_wconf 81' lang='lat' dir='ltr'>inp</span> <span class='ocrx_word' id='word_1_309' title='bbox 201 3941 354 3994; x_wconf 89' lang='lat' dir='ltr'>mutatam</span> <span class='ocrx_word' id='word_1_310' title='bbox 386 3932 502 4007; x_wconf 79' lang='lat' dir='ltr'>habeS,</span> <span class='ocrx_word' id='word_1_311' title='bbox 536 3933 651 3995; x_wconf 90' lang='lat' dir='ltr'>deinde</span> <span class='ocrx_word' id='word_1_312' title='bbox 683 3937 834 4006; x_wconf 78' lang='lat' dir='ltr'>assiduae,</span> <span class='ocrx_word' id='word_1_313' title='bbox 867 3931 921 3993; x_wconf 91' lang='lat' dir='ltr'>ubi</span> <span class='ocrx_word' id='word_1_314' title='bbox 951 3932 1085 4012; x_wconf 89' lang='lat' dir='ltr'>primam</span> <span class='ocrx_word' id='word_1_315' title='bbox 1108 3951 1123 3991; x_wconf 84' lang='lat' dir='ltr'>s</span> <span class='ocrx_word' id='word_1_316' title='bbox 1145 3950 1187 3991; x_wconf 91' lang='lat' dir='ltr'>ex</span> <span class='ocrx_word' id='word_1_317' title='bbox 1212 3933 1233 3990; x_wconf 86' lang='lat' dir='ltr'>d</span> <span class='ocrx_word' id='word_1_318' title='bbox 1255 3949 1322 3990; x_wconf 92' lang='lat' dir='ltr'>cor-</span> 
     </span>
    </p>
   </div>
   <div class='ocr_carea' id='block_1_9' title="bbox 101 4035 1325 4186">
    <p class='ocr_par' dir='ltr' id='par_1_10' title="bbox 101 4035 1325 4186">
     <span class='ocr_line' id='line_1_36' title="bbox 101 4035 1325 4121; baseline 0.001 -26"><span class='ocrx_word' id='word_1_319' title='bbox 101 4045 214 4098; x_wconf 89' lang='lat' dir='ltr'>rectam</span> <span class='ocrx_word' id='word_1_320' title='bbox 238 4059 309 4100; x_wconf 91' lang='lat' dir='ltr'>esse</span> <span class='ocrx_word' id='word_1_321' title='bbox 332 4039 407 4108; x_wconf 88' lang='lat' dir='ltr'>satis</span> <span class='ocrx_word' id='word_1_322' title='bbox 431 4049 572 4121; x_wconf 89' lang='lat' dir='ltr'>apparet.</span> <span class='ocrx_word' id='word_1_323' title='bbox 620 4039 734 4101; x_wconf 90' lang='lat' dir='ltr'>Manus</span> <span class='ocrx_word' id='word_1_324' title='bbox 751 4038 876 4101; x_wconf 87' lang='lat' dir='ltr'>alterius</span> <span class='ocrx_word' id='word_1_325' title='bbox 894 4056 1024 4119; x_wconf 91' lang='lat' dir='ltr'>operam</span> <span class='ocrx_word' id='word_1_326' title='bbox 1040 4038 1071 4100; x_wconf 93' lang='lat' dir='ltr'>in</span> <span class='ocrx_word' id='word_1_327' title='bbox 1087 4039 1200 4099; x_wconf 91' lang='lat' dir='ltr'>eadem</span> <span class='ocrx_word' id='word_1_328' title='bbox 1216 4035 1325 4097; x_wconf 87' lang='lat' dir='ltr'>tabula</span> 
     </span>
     <span class='ocr_line' id='line_1_37' title="bbox 282 4147 1190 4186; baseline -0.002 -20"><span class='ocrx_word' id='word_1_329' title='bbox 282 4149 299 4186; x_wconf 84' lang='lat'><em>„</em></span> <span class='ocrx_word' id='word_1_330' title='bbox 1185 4147 1190 4164; x_wconf 91' lang='lat'>.</span> 
     </span>
    </p>
   </div>
   <div class='ocr_carea' id='block_1_10' title="bbox 8 4205 1323 4307">
    <p class='ocr_par' dir='ltr' id='par_1_11' title="bbox 8 4205 1323 4307">
     <span class='ocr_line' id='line_1_38' title="bbox 8 4205 1323 4307; baseline 0.001 -25"><span class='ocrx_word' id='word_1_331' title='bbox 8 4243 9 4254; x_wconf 55' lang='lat'>¹</span> <span class='ocrx_word' id='word_1_332' title='bbox 102 4224 234 4286; x_wconf 92' lang='lat' dir='ltr'>ostendit</span> <span class='ocrx_word' id='word_1_333' title='bbox 254 4205 374 4301; x_wconf 59' lang='lat' dir='ltr'>nulnum</span> <span class='ocrx_word' id='word_1_334' title='bbox 402 4225 588 4288; x_wconf 91' lang='lat' dir='ltr'>coniunctae</span> <span class='ocrx_word' id='word_1_335' title='bbox 612 4225 688 4288; x_wconf 91' lang='lat' dir='ltr'>illius</span> <span class='ocrx_word' id='word_1_336' title='bbox 712 4235 745 4288; x_wconf 91' lang='lat' dir='ltr'>et</span> <span class='ocrx_word' id='word_1_337' title='bbox 768 4235 982 4287; x_wconf 90' lang='lat' dir='ltr'>correctorum</span> <span class='ocrx_word' id='word_1_338' title='bbox 1006 4244 1124 4307; x_wconf 91' lang='lat' dir='ltr'>operae</span> <span class='ocrx_word' id='word_1_339' title='bbox 1140 4221 1323 4303; x_wconf 90' lang='lat' dir='ltr'>exemplum</span> 
     </span>
    </p>
   </div>
   <div class='ocr_carea' id='block_1_11' title="bbox 102 4345 1407 4537">
    <p class='ocr_par' dir='ltr' id='par_1_12' title="bbox 102 4345 1407 4537">
     <span class='ocr_line' id='line_1_39' title="bbox 102 4345 1407 4431; baseline 0.002 -25"><span class='ocrx_word' id='word_1_340' title='bbox 102 4345 207 4408; x_wconf 87' lang='lat' dir='ltr'>tabula</span> <span class='ocrx_word' id='word_1_341' title='bbox 228 4358 339 4412; x_wconf 88' lang='lat' dir='ltr'>nostra</span> <span class='ocrx_word' id='word_1_342' title='bbox 361 4369 424 4410; x_wconf 92' lang='lat' dir='ltr'>non</span> <span class='ocrx_word' id='word_1_343' title='bbox 447 4349 581 4431; x_wconf 91' lang='lat' dir='ltr'>praebet</span> <span class='ocrx_word' id='word_1_344' title='bbox 593 4369 601 4424; x_wconf 53' lang='lat'>;*</span> <span class='ocrx_word' id='word_1_345' title='bbox 633 4350 687 4412; x_wconf 88' lang='lat' dir='ltr'>uix</span> <span class='ocrx_word' id='word_1_346' title='bbox 720 4348 783 4412; x_wconf 90' lang='lat' dir='ltr'>ullo</span> <span class='ocrx_word' id='word_1_347' title='bbox 815 4349 912 4412; x_wconf 91' lang='lat' dir='ltr'>totius</span> <span class='ocrx_word' id='word_1_348' title='bbox 936 4349 980 4412; x_wconf 90' lang='lat' dir='ltr'>rei</span> <span class='ocrx_word' id='word_1_349' title='bbox 1003 4348 1091 4431; x_wconf 91' lang='lat' dir='ltr'>quasi</span> <span class='ocrx_word' id='word_1_350' title='bbox 1114 4348 1163 4409; x_wconf 92' lang='lat' dir='ltr'>uia</span> <span class='ocrx_word' id='word_1_351' title='bbox 1187 4355 1227 4407; x_wconf 68' lang='lat' dir='ltr'>et·</span> <span class='ocrx_word' id='word_1_352' title='bbox 1243 4348 1324 4408; x_wconf 91' lang='lat' dir='ltr'>ordo</span> <span class='ocrx_word' id='word_1_353' title='bbox 1404 4412 1407 4420; x_wconf 63' lang='grc'><strong>,</strong></span> 
     </span>
     <span class='ocr_line' id='line_1_40' title="bbox 103 4451 1324 4537; baseline 0.002 -25"><span class='ocrx_word' id='word_1_354' title='bbox 103 4453 199 4532; x_wconf 87' lang='lat' dir='ltr'>magis</span> <span class='ocrx_word' id='word_1_355' title='bbox 232 4456 416 4536; x_wconf 90' lang='lat' dir='ltr'>perspicitur</span> <span class='ocrx_word' id='word_1_356' title='bbox 453 4475 550 4536; x_wconf 91' lang='lat' dir='ltr'>quam</span> <span class='ocrx_word' id='word_1_357' title='bbox 590 4475 628 4517; x_wconf 91' lang='lat' dir='ltr'>eo</span> <span class='ocrx_word' id='word_1_358' title='bbox 666 4457 753 4537; x_wconf 93' lang='lat' dir='ltr'>quod</span> <span class='ocrx_word' id='word_1_359' title='bbox 784 4455 939 4524; x_wconf 89' lang='lat' dir='ltr'>habemus</span> <span class='ocrx_word' id='word_1_360' title='bbox 973 4459 1008 4530; x_wconf 90' lang='lat'>5,</span> <span class='ocrx_word' id='word_1_361' title='bbox 1041 4459 1076 4529; x_wconf 91' lang='lat'><strong>7,</strong></span> <span class='ocrx_word' id='word_1_362' title='bbox 1104 4458 1134 4528; x_wconf 91' lang='grc'>1,</span> <span class='ocrx_word' id='word_1_363' title='bbox 1166 4451 1219 4513; x_wconf 93' lang='lat' dir='ltr'>ubi</span> <span class='ocrx_word' id='word_1_364' title='bbox 1251 4471 1324 4515; x_wconf 89' lang='lat' dir='ltr'>curn</span> 
     </span>
    </p>
   </div>
   <div class='ocr_carea' id='block_1_12' title="bbox 0 0 1622 5336">
    <p class='ocr_par' dir='ltr' id='par_1_13' title="bbox 0 0 1622 5336">
     <span class='ocr_line' id='line_1_41' title="bbox 0 0 1622 5336; baseline 0 0"><span class='ocrx_word' id='word_1_365' title='bbox 0 0 1622 5336; x_wconf 95' lang='lat' dir='ltr'> </span> 
     </span>
    </p>
   </div>
  </div>
 </body>
</html>
