3212 5318
268 387 401 432 n1n1,.xi.
432 387 473 428 ΑΙ)
488 387 624 429 ΗΕΙΝΙΑΜ
640 385 769 428 Massam
788 387 826 428 DE
840 387 1086 432 consolationis.
1115 392 1135 433 n.
1252 399 1312 458 251

102 533 172 596 nulla
201 555 266 596 non
300 553 448 616 magnam
478 543 601 616 partem
633 533 817 616 peregrinae
841 533 1044 597 multitudinis
1068 534 1172 598 habct.
1220 541 1319 600 transi

33 689 35 698 .
100 641 135 702 ab
155 642 195 716 iis,
219 660 353 724 quarum
378 659 515 704 amoena
537 642 652 723 positio
676 650 708 703 et
732 641 952 724 opportunitas
976 641 1111 722 regionis
1134 641 1237 724 plnres
1261 645 1315 706 ad-

99 748 159 810 licit.
202 747 332 810 deserta
362 747 432 810 loca
464 757 495 810 et
519 747 705 830 asperrimas
734 747 864 822 insulas,
898 746 1059 812 Sciathum
1085 757 1117 811 et
1141 747 1318 831 Seriphum,

99 853 230 934 Gyarum
256 861 289 916 et
313 851 468 917 Cosuram
492 867 660 936 percense:
700 853 816 916 nullum
849 847 985 917 inuenies
1016 853 1161 930 exilium,
1193 856 1222 918 in
1254 877 1318 939 quo

71 976 83 1024 o
98 981 152 1022 non
174 959 284 1042 aliquis
308 962 401 1024 animi
426 980 520 1024 causa
544 969 692 1024 moretur,
730 961 805 1042 quid
829 969 894 1023 tarn
919 961 1038 1024 nudum
1060 961 1187 1024 inueniri
1203 971 1319 1043 potest,
1347 981 1359 1020 s

96 1066 159 1148 quid
190 1075 259 1130 tarn
292 1067 460 1150 abruptum
493 1069 630 1150 undique
657 1087 753 1150 quam
784 1067 847 1130 hoc
877 1071 1009 1130 saxum?
1041 1068 1116 1149 quid
1148 1070 1189 1131 ad
1213 1069 1320 1151 copias

96 1173 263 1255 respicienti
287 1173 435 1236 ieiunius?
467 1175 542 1256 quid
566 1176 607 1236 ad
630 1173 776 1236 homines
791 1175 1035 1238 inmansuetius?
1068 1175 1142 1256 quid
1160 1176 1199 1238 ad
1216 1177 1319 1258 ipsum

96 1279 147 1342 loci
169 1281 265 1343 situm
290 1279 466 1343 horridius?
497 1281 572 1362 quid
597 1282 637 1343 ad
654 1279 730 1344 caeli
747 1289 890 1343 naturam
907 1281 1185 1363 intemperantius?
1215 1281 1319 1364 plures

9 1383 10 1388 ’
95 1395 190 1450 tamen
224 1385 275 1448 hic
306 1387 461 1468 peregrini
489 1405 584 1468 quam
609 1386 693 1449 ciues
716 1387 897 1450 consistunt.
945 1407 1043 1471 usque
1067 1407 1105 1448 eo
1122 1401 1207 1470 'ergo
1231 1408 1318 1451 com·

95 1495 219 1556 mutatio
246 1493 314 1576 ipsa
336 1493 480 1556 locorum
504 1493 608 1574 grauis
632 1513 695 1556 non
720 1503 777 1570 est,
801 1503 835 1556 ut
858 1493 907 1557 hic
931 1515 1057 1576 quoque
1081 1493 1167 1557 locus
1184 1515 1202 1556 a
1218 1496 1319 1575 patria
1335 1512 1359 1553 ro

9 1663 10 1666 ,
68 1600 244 1681 iquosdam
269 1599 446 1664 abduxerit.
486 1599 610 1662 inuenio
633 1601 685 1681 qui
709 1602 814 1663 dicant
837 1601 937 1664 inesse
961 1599 1134 1664 naturalem
1158 1601 1318 1682 quandam

93 1707 297 1770 imitationem
339 1705 449 1770 animis
480 1707 696 1770 commutandi
729 1709 821 1770 sedes
853 1715 885 1770 et
915 1708 1122 1771 transferendi
1153 1706 1318 1771 domicilia.

94 1813 211 1877 mobilis
237 1813 321 1876 enim
345 1821 377 1874 et
401 1813 538 1894 inquieta
562 1812 680 1876 homini
703 1833 793 1878 mens
818 1815 893 1876 data
917 1823 983 1876 est:
1018 1835 1188 1896 numquam
1215 1835 1249 1878 se
1273 1823 1317 1876 te-

93 1931 147 1994 net,
176 1919 339 2004 spargitur
374 1928 405 1982 et
436 1919 644 1999 cogitationes
674 1939 747 1982 suas
777 1919 808 1982 in
840 1923 947 1984 omnia
977 1931 1054 1984 nota
1085 1930 1180 2004 atque
1211 1921 1320 2001 ignota

92 2025 231 2102 dimittit,
271 2045 353 2107 uaga
384 2035 415 2088 et
443 2025 554 2108 quietis
586 2027 740 2108 inpatiens
771 2036 803 2089 et
834 2029 975 2090 nouitate
1007 2047 1110 2090 rerum
1142 2027 1319 2090 laetissima.
1336 2047 1360 2087 rs

67 2135 169 2214 {quod
193 2153 261 2195 non
286 2133 462 2208 miraberis,
486 2133 511 2196 si
533 2133 668 2216 primam
692 2134 757 2200 eius
780 2135 932 2214 originem
956 2135 1157 2216 adspexeris:
1184 2153 1247 2196 non
1272 2143 1320 2196 est
1330 2195 1345 2238 5

91 2261 126 2301 ex
149 2249 279 2303 terreno
305 2249 336 2302 et
359 2241 447 2322 graui
470 2249 619 2304 concreta
643 2261 784 2324 corpore.
824 2261 865 2302 ex
890 2239 941 2302 illo
965 2240 1093 2304 caelesti
1118 2241 1225 2324 spiritu
1248 2239 1318 2303 des·

92 2347 196 2410 cendit.
239 2345 420 2409 caelestium
437 2355 543 2409 autem
560 2355 671 2410 natura
687 2367 812 2429 semper
828 2348 858 2410 in
883 2357 973 2410 motu
997 2355 1052 2421 est,
1076 2346 1155 2430 fugit
1178 2355 1210 2410 et
1233 2348 1317 2411 uelo·

91 2454 210 2516 cissimo
241 2472 334 2515 cursu
358 2454 467 2533 agitur.
507 2454 635 2536 adspice
658 2453 761 2516 sidera
785 2456 938 2516 mundum
956 2452 1166 2517 inlustrantia:
1201 2454 1318 2518 nullum

7 2613 8 2618 ,
91 2579 193 2622 eorum
228 2569 357 2642 perstat.
404 2560 455 2620 sol
482 2559 595 2623 labitur
627 2561 758 2623 adsidue
789 2569 821 2622 et
852 2560 957 2623 locum
991 2582 1032 2622 ex
1057 2560 1129 2624 loco
1145 2569 1256 2624 'mutat
1279 2571 1359 2637 etro

7 2749 8 2752 Ἴ
89 2668 229 2747 quamuis
270 2685 341 2728 curn
381 2668 527 2729 uniuerso
560 2675 715 2742 uertatur,
747 2667 776 2729 in
808 2669 999 2730 contrarium
1031 2667 1230 2732 nihilominus
1260 2669 1319 2752 ipsi

90 2775 205 2836 mundo
240 2773 387 2847 refertur,
418 2793 475 2855 per
506 2773 609 2834 omnis
640 2773 802 2854 signorum
826 2785 932 2856 partes
956 2775 1115 2850 discurrit,
1146 2795 1317 2856 numquam

89 2869 206 2943 resistit.
263 2887 417 2961 perpetua
451 2879 516 2941 eius
549 2879 679 2961 agitatio
711 2889 742 2942 et
774 2880 899 2942 aliunde
930 2881 991 2944 alio
1022 2881 1231 2962 conmigratio
1263 2890 1318 2944 est.

61 2988 190 3050 Somnia
223 2985 391 3048 uoluuntur
420 3004 547 3068 semper
578 2995 609 3048 et
641 2988 670 3049 in
703 2988 833 3050 transitu
861 2996 940 3050 sunt.
987 2997 1021 3051 ut
1053 2987 1105 3050 lex
1134 2996 1166 3050 et
1190 2985 1319 3052 naturae

88 3095 255 3156 necessitas
279 3094 442 3168 ordinauit,
466 3091 591 3156 aliunde
615 3093 675 3156 alio
700 3093 889 3157 deferuntur.
937 3115 1008 3158 cum
1032 3114 1089 3178 per
1112 3103 1198 3158 certa
1221 3117 1317 3158 anno.
1334 3112 1359 3154 rs

87 3221 151 3261 rum
185 3201 288 3282 spatia
316 3199 411 3262 orbes
439 3219 514 3262 suos
537 3199 758 3282 explicuerint,
790 3203 902 3264 iterum
928 3201 1016 3264 ibunt
1039 3223 1097 3285 per
1120 3223 1201 3284 quae
1225 3223 1317 3264 uene·

87 3316 153 3368 rant
166 3333 180 3368 z·
207 3309 217 3370 i
241 3327 324 3369 nunc
347 3316 379 3368 et
402 3305 575 3369 humanum
600 3309 737 3370 animum
763 3329 803 3370 ex
830 3310 947 3384 isdem,
979 3309 1091 3392 quibus
1116 3310 1220 3372 diuina
1243 3331 1316 3372 con·

86 3421 177 3488 stant,
201 3413 372 3476 seminibus
394 3415 593 3495 conpositum
616 3413 750 3476 moleste
766 3413 846 3476 serre
862 3416 1025 3478 transitum
1044 3435 1081 3478 ac
1097 3417 1318 3497 migrationem

87 3530 178 3600 puta,
217 3539 289 3582 curn
328 3519 379 3581 dei
409 3530 519 3583 natura
550 3521 681 3583 adsidua
713 3531 744 3584 et
776 3522 958 3584 citatissima
988 3523 1238 3586 commutatione
1269 3522 1319 3586 uel

88 3625 222 3690 delectet
247 3647 281 3688 se
306 3625 355 3687 uel
378 3635 552 3689 conseruet.
1332 3647 1358 3688 ro

91 4015 97 4065 l
127 3977 294 4066 transiabhiis
321 4014 387 4082 (rus.
411 4015 481 4069 inter
500 4019 574 4067 transi
593 4027 617 4071 at
638 4019 682 4076 iis;
710 4017 819 4072 uidetur
836 4017 925 4086 fuisse
944 4021 976 4070 ab
996 4020 1040 4077 iis;
1068 4017 1168 4072 deinde
1187 4035 1201 4068 a
1221 4019 1317 4082 delata,

87 4101 291 4171 substratam
313 4106 345 4153 ab
361 4111 459 4174 postea
476 4119 563 4175 snpra
581 4106 712 4175 scriplum
732 4123 764 4160 m.
785 4111 852 4171 rec.)
942 4109 959 4161 2
978 4123 1066 4158 amena
1081 4108 1107 4173 (o
1120 4115 1184 4160 ante
1196 4125 1209 4158 e
1222 4123 1317 4172 erasa,

182 4193 257 4244 allicit
278 4192 315 4256 (in
334 4195 400 4254 rus.)
498 4193 513 4245 4
540 4195 659 4246 Cosuram
679 4191 819 4249 Muretus:
842 4197 954 4247 corsican
1041 4195 1074 4249 12
1098 4197 1168 4247 sedes
1187 4195 1209 4264 (s
1229 4196 1317 4251 attera

86 4317 178 4380 erasa)
261 4293 364 4370 llsua⁸
378 4319 399 4386 (s
414 4321 655 4390 m.pr.superscr.)
749 4323 850 4387 ingnota
936 4322 968 4374 lii
982 4321 1103 4386 aspexeris
1189 4321 1222 4374 19
1237 4323 1319 4387 aspice

193 4407 228 4461 20
253 4408 291 4457 sol
310 4408 399 4458 labitur
418 4405 574 4463 Michaelis:
596 4408 666 4458 labit*
787 4409 821 4464 27
846 4412 938 4460 inune
958 4408 1121 4464 deteriores:
1149 4409 1220 4461 Nunc
1246 4411 1319 4484 (ante

86 4509 101 4541 n
122 4497 190 4556 ras.)
