3212 5318
281 382 345 442 250
442 377 519 420 DlAL.
535 378 574 420 xl.
603 377 645 418 An
661 377 796 420 natvmm
812 377 941 420 MATREM
958 379 998 419 DE
1012 379 1256 422 CONSOLATIONE·
1286 383 1305 421 5.
1321 381 1341 421 t.

231 605 235 612 ἢ
280 531 409 605 optant,
440 524 617 586 existimaui
648 545 775 607 semper
805 523 879 588 nihil
911 527 975 588 ueri
1005 524 1081 587 boni
1105 526 1214 586 inesse.
1259 533 1327 586 tum
1351 523 1453 585 inania
1475 531 1504 582 et

279 632 424 711 specioso
448 649 486 692 ac
509 632 693 711 deceptorio
717 631 788 694 luco
813 631 984 695 circumlita
1007 635 1125 706 inueni,
1161 633 1241 693 intra
1264 629 1338 691 nihil
1362 628 1505 691 habentia

279 735 373 798 fronti
402 756 478 798 suae
500 738 618 799 simile:
651 758 734 800 nunc
764 740 795 802 in
826 737 882 815 his,
913 757 995 820 quae
1025 737 1108 800 mala
1138 746 1306 812 uocantur,
1337 734 1413 798 nihil
1444 745 1505 796 tam

279 842 416 906 terribile
439 864 477 906 ac
500 845 614 907 durum
638 846 762 907 inuenio
785 829 881 927 quam
905 846 1011 926 opinio
1036 844 1121 926 uolgi
1145 843 1330 907 minabatur.
1377 841 1506 904 uerbum

241 969 253 1006 a
280 949 408 1031 quidem
439 951 542 1031 ipsum
573 952 775 1033 persuasione
807 954 947 1034 quadam
979 963 1011 1014 et
1042 972 1197 1014 consensu
1220 953 1281 1012 iam
1305 949 1447 1031 asperius
1469 947 1508 1008 ad

280 1077 370 1120 aures
401 1059 486 1120 uenit
517 1067 550 1121 et
577 1061 740 1122 audientes
768 1068 932 1140 tamquam
963 1061 1050 1122 triste
1082 1067 1113 1120 et
1144 1055 1324 1120 execrabile
1346 1055 1437 1117 ferit:
1470 1057 1510 1116 ita

280 1165 363 1225 enim
395 1165 529 1246 populus
561 1167 656 1229 iussit
701 1161 758 1230 sed
789 1166 897 1248 populi
928 1167 1006 1230 scita
1034 1185 1075 1228 ex
1100 1185 1218 1246 magna
1240 1173 1330 1244 parte
1353 1161 1510 1244 sapientes

280 1270 446 1352 abrogant.

369 1378 424 1440 Vl.
470 1378 611 1442 Remoto
635 1364 850 1460 ergo⁸iudicio
873 1380 1015 1462 plurium,
1038 1400 1120 1460 quos
1143 1380 1245 1461 prima
1260 1397 1364 1440 rerum
1380 1374 1538 1458 speciest

242 1498 266 1538 ¹⁰
281 1493 451 1566 utcumque
474 1485 593 1548 credita
615 1495 679 1562 est,
703 1486 818 1562 aufert,
844 1487 1023 1561 uideamus,
1051 1488 1126 1568 quid
1150 1487 1189 1547 sit
1213 1484 1360 1547 exilium:
1395 1502 1510 1562 nempe

280 1591 341 1653 loci
365 1594 581 1655 commutatio.
628 1613 668 1655 ne
691 1603 861 1674 angustare
892 1595 1001 1656 uidear
1023 1595 1087 1656 uim
1111 1594 1176 1655 eius
1200 1600 1232 1654 et
1255 1591 1410 1672 quidquid
1442 1609 1508 1670 pes-

281 1697 394 1759 simum
426 1699 456 1759 in
488 1720 522 1762 se
553 1698 667 1775 habet,
702 1700 905 1763 subtrahere:
956 1700 1038 1762 hanc
1069 1699 1354 1762 commutationem
1377 1696 1443 1758 loci
1464 1715 1509 1757 se·

281 1813 418 1886 quuntur
440 1806 662 1869 incommoda:
696 1816 875 1890 paupertas,
901 1807 1079 1888 ignominia,
1103 1813 1314 1885 contemptus.
1360 1803 1510 1864 aduersus

281 1911 341 1973 ista
371 1921 485 1993 postea
515 1911 704 1994 confligam:
746 1915 870 1976 interim
899 1915 1034 1995 primum
1065 1912 1141 1974 illud
1172 1912 1283 1974 intueri
1314 1909 1406 1984 uolo,
1439 1909 1509 1990 quid

244 2032 267 2070 1⁵
281 2017 385 2080 acerbi
409 2016 530 2080 adserat
553 2019 620 2100 ipsa
644 2018 705 2081 loci
729 2022 945 2082 commutatio

394 2124 509 2187 Carere
547 2127 649 2207 patria
685 2126 881 2189 intolerabile
911 2135 967 2189 est.
1013 2128 1141 2208 adspice
1172 2127 1311 2207 agedum
1343 2123 1428 2185 hanc
1454 2122 1539 2185 ire-2

224 2291 228 2300 ,
281 2232 457 2312 quentiam,
489 2232 536 2294 cui
560 2233 613 2294 uix
645 2233 730 2295 urbis
760 2235 920 2296 inmensae
950 2218 1047 2296 tecta¹
1066 2232 1241 2294 sufficiunt:
1277 2231 1421 2293 maxima
1443 2249 1510 2311 pars

282 2340 368 2400 istius
391 2338 503 2400 turbae
526 2340 626 2422 patria
650 2349 744 2405 caret.
790 2361 832 2402 ex
857 2341 1027 2422 municipiis
1051 2347 1083 2401 et
1106 2339 1236 2401 coloniis
1259 2339 1338 2412 suis,
1370 2357 1414 2398 ex
1445 2346 1510 2398 toto

283 2445 418 2525 denique
442 2446 521 2507 orbe
544 2455 698 2508 terrarum
722 2446 951 2509 confluxerunt.
997 2445 1074 2509 alios
1103 2446 1237 2508 adduxit
1265 2443 1413 2517 ambitiO,
1438 2441 1511 2503 alios
1603 2453 1604 2516 J

241 2563 267 2602 ‘2⁰
282 2552 452 2613 necessitas
488 2551 578 2614 officii
614 2552 743 2633 publici,
776 2553 853 2615 alios
886 2554 1020 2635 inposita
1042 2552 1175 2648 legati0,
1207 2551 1285 2612 alios
1309 2550 1434 2612 luxuria
1457 2569 1508 2629 op·
1603 2555 1604 2594 l

281 2668 452 2741 portunum
484 2668 516 2721 et
547 2658 732 2740 opulentum
763 2661 843 2721 uitiis
874 2659 979 2722 locum
1011 2679 1181 2742 quaerens,
1220 2657 1299 2720 alios
1340 2655 1510 2720 liberalium

281 2767 457 2829 studiorum
497 2766 666 2846 cupiditas,
705 2766 782 2828 alios
813 2766 999 2848 spectacula
1052 2767 1210 2848 quosdam
1242 2765 1340 2826 traxit
1372 2763 1511 2834 amicitia,

281 2874 439 2953 quosdam
477 2873 629 2935 industria
666 2872 774 2935 laxam
811 2875 1028 2936 ostendendae
1058 2873 1163 2935 uirtuti
1196 2879 1312 2932 nancta
1342 2871 1511 2932 materiam.

282 2980 411 3059 quidam
436 2979 579 3042 uenalem
605 2977 739 3042 formam
764 2979 943 3055 attulerunt,
967 2981 1095 3061 quidam
1121 2978 1267 3054 uenalem
1291 2977 1504 3059 eloquentiam

241 3097 268 3135 ‘2⁵
282 3085 401 3146 nullum
427 3105 491 3146 non
515 3086 679 3148 hominum
703 3107 804 3168 genus
828 3087 1024 3148 concucurrit
1048 3087 1078 3146 in
1101 3087 1213 3148 urbem
1238 3093 1270 3146 et
1294 3084 1461 3146 uirtutibus
1484 3090 1542 3142 et3

283 3193 362 3253 uitiis
394 3211 511 3271 magna
538 3193 639 3274 pretia
660 3175 843 3275 ponentem.
888 3193 961 3255 iube
984 3193 1061 3255 istos
1085 3213 1198 3254 omnes
1221 3193 1262 3253 ad
1286 3211 1407 3254 nomen
1431 3189 1514 3251 citari
1601 3227 1602 3260 r

284 3305 315 3358 et
348 3299 431 3360 unde
471 3300 572 3361 domo
609 3301 741 3381 quisque
778 3303 819 3362 sit
856 3321 990 3382 quaere:
1032 3299 1155 3363 uidebis
1195 3300 1352 3361 maiorem
1392 3307 1512 3380 partem

284 3423 368 3478 esse,
400 3423 481 3486 quae
512 3406 624 3468 relictis
655 3406 782 3468 sedibus
813 3408 876 3469 suis
906 3409 1026 3469 uenerit
1055 3407 1086 3468 in
1118 3407 1295 3468 maximam
1327 3406 1456 3487 quidem
1480 3421 1514 3464 ac

283 3508 524 3590 pulcherrimam
557 3513 684 3589 urbem,
712 3535 777 3575 non
808 3523 915 3576 tamen
946 3535 1043 3576 suam.
1090 3513 1205 3575 deinde
1233 3511 1275 3574 ab
1300 3512 1363 3574 hac
1391 3511 1540 3573 ciuitatet

244 3629 270 3668 3⁰
284 3616 421 3691 discede,
443 3638 524 3697 quae
547 3619 644 3681 ueluti
667 3622 843 3682 communis
866 3628 972 3702 potest
996 3621 1064 3683 dici.
1111 3639 1224 3682 omnes
1247 3619 1344 3680 urbes
1369 3615 1510 3680 circumi:
1600 3665 1601 3674 2

287 3914 299 3966 1
320 3915 457 3964 existimaui
476 3914 574 3983 uulqo:
596 3918 706 3966 estimaui
795 3923 844 3968 tum
858 3923 925 3987 post
943 3935 1040 3984 semper
1058 3933 1232 3988 maqnopere
1243 3916 1371 3987 dt'splr'cct
1380 3936 1387 3976 3
1407 3913 1511 3970 Pincia·

286 4017 339 4054 rcus
358 4003 471 4056 coniecit
488 4005 553 4068 quin,
573 4004 663 4056 arescio
681 4019 717 4055 an
736 4020 801 4058 uere
898 4007 969 4060 2ac
988 4008 1132 4072 deceptorio
1151 4005 1221 4073 cod,
1241 4003 1304 4060 iterii
1326 4005 1509 4076 Bonqarstusz
1599 4013 1600 4064 1

287 4107 315 4138 ac
330 4092 462 4154 deceptum
475 4089 557 4160 utrlqo
647 4091 740 4143 3suae
753 4091 852 4146 deleuit
865 4092 1014 4148 Pincianus
1104 4095 1137 4147 11
1158 4097 1278 4160 quidquid
1373 4096 1404 4148 14
1417 4095 1443 4142 in
1456 4091 1510 4141 tueri

288 4179 365 4247 (post
384 4180 408 4226 in
428 4176 525 4230 lacuna
541 4183 658 4246 propter
677 4177 798 4232 chartam
816 4181 952 4249 uitiosum)
1003 4187 1005 4192 '
1068 4183 1099 4235 15
1125 4185 1263 4235 comulatio
1376 4181 1406 4235 16
1433 4181 1511 4245 aspice

397 4265 428 4317 17
448 4268 566 4328 immense
674 4266 707 4320 23
726 4271 788 4319 nahe
807 4278 832 4319 ta
958 4272 993 4325 26
1018 4274 1097 4337 pretia
1224 4271 1259 4324 27
1284 4273 1350 4322 unde
1369 4273 1461 4320 domo?
1478 4265 1509 4334 cfi

292 4351 456 4440 Verq3Aen.
477 4357 501 4420 8,
523 4355 572 4404 114
592 4357 631 4419 qui
650 4359 741 4420 genus?
760 4361 824 4408 unde
843 4361 935 4411 domo?
960 4378 1081 4426 pacemne
1099 4363 1147 4411 huc
1167 4363 1234 4410 fertis
1254 4379 1285 4410 an
1305 4363 1391 4410 arma?

289 4475 323 4576 ΞΟ
343 4453 478 4526 communi⁵
568 4480 667 4552 circumi
686 4478 731 4534 uel
748 4483 823 4532 circui
842 4483 1005 4539 deteriores:
1027 4487 1097 4536 circli
