3212 5318
267 335 329 399 284
501 329 578 370 DlAL.
589 329 641 374 Xll.
671 331 711 370 AD
726 329 878 372 POLYBIVM
894 331 933 371 DE
947 331 1190 373 CONSOLATIONE.
1221 334 1252 374 12.

266 498 418 551 uxorem,
451 475 547 540 filium
579 479 705 558 respice.
751 497 811 558 pro
843 479 984 540 omnium
1016 477 1129 540 horum
1161 476 1262 538 salute
1292 476 1352 537 hac
1381 484 1494 537 tecum

265 585 411 667 portione
450 583 575 646 fortuna
606 584 730 652 decidit.
777 583 894 645 multos
925 581 1041 659 habeS,
1077 585 1106 645 in
1138 583 1251 666 quibus
1281 584 1491 664 adquiescas:

268 692 340 770 [31]
373 691 414 752 ab
445 691 506 753 hac
537 699 569 753 te
596 690 720 769 infamia
744 689 881 764 uindica‚
913 711 952 751 ne
976 691 1117 753 uideatur
1140 689 1287 752 omnibus
1309 688 1380 770 plus
1403 689 1494 770 apud
1535 663 1540 682 ¹

265 806 298 860 te
327 797 432 860 ualere
463 819 542 860 unus
565 797 658 859 dolor
680 817 776 880 quam
800 795 878 859 haec
901 805 968 859 tam
993 796 1091 859 multa
1114 797 1237 859 solacia
1284 798 1387 857 omnis
1409 797 1532 860 istos?

239 919 327 966 ⁵una
355 914 459 966 tecum
483 903 643 986 perculsos
667 904 755 965 uides
778 924 836 965 nec
858 925 954 985 posse
977 904 1033 966 tibi
1057 905 1239 978 subuenire,
1269 904 1369 964 immo
1392 904 1493 963 etiam

267 1012 348 1073 ultro
379 1020 566 1092 expectare,
597 1019 632 1071 ut
662 1019 736 1072 ate
760 1011 976 1084 subleuentur,
1009 1010 1170 1090 intellegis.
1216 1020 1249 1072 et
1273 1013 1345 1072 ideo
1368 1019 1494 1091 quanto

266 1121 367 1180 minus
390 1119 420 1180 in
444 1118 501 1179 illis
525 1119 686 1178 doctrinae
709 1118 873 1198 minusque
897 1119 1009 1197 ingenii
1031 1127 1086 1191 est,
1110 1126 1201 1178 tanto
1218 1117 1317 1196 magis
1334 1117 1495 1178 obsistere

266 1233 298 1286 te
321 1245 449 1287 necesse
473 1235 522 1288 est
546 1225 705 1286 communi
730 1219 827 1286 malo'
864 1233 911 1285 est
934 1232 1040 1286 autem
1065 1223 1127 1286 hoc
1150 1225 1252 1305 ipsum
1277 1223 1381 1285 solacii
1405 1224 1493 1296 loco,

264 1332 345 1392 inter
375 1331 492 1393 multos
522 1330 667 1398 dolorem
698 1351 788 1392 suum
818 1332 976 1392 diuidere:
1011 1334 1062 1412 qui
1093 1334 1166 1412 quia
1189 1332 1386 1413 dispensatur
1408 1331 1496 1391 inter

227 1447 252 1488 ¹⁰
265 1437 377 1519 plures,
402 1439 518 1518 exigua
541 1437 639 1499 debet
662 1439 747 1518 apud
770 1447 802 1498 te
825 1446 915 1518 parte
931 1437 1095 1499 subsidere
1134 1457 1198 1499 non
1215 1439 1356 1499 desinam
1371 1438 1495 1498 totiens
1516 1449 1528 1501 3
1597 1457 1598 1530 l

265 1544 322 1605 tibi
345 1544 458 1606 offerre
482 1544 659 1606 Caesarem.
690 1543 743 1605 illo
767 1545 954 1605 moderante
977 1553 1075 1605 terras
1099 1553 1131 1605 et
1155 1546 1345 1606 ostendente
1368 1554 1493 1624 quanto

266 1651 375 1712 melius
413 1651 571 1712 beneficiis
610 1651 774 1732 imperium
806 1651 1001 1712 custodiatur
1032 1671 1127 1730 quam
1160 1652 1270 1725 armiS,
1308 1649 1361 1740 illo
1394 1651 1494 1712 rebus

266 1757 409 1819 humanis
433 1759 577 1838 praeside
600 1779 664 1819 non
688 1767 736 1818 est
760 1755 940 1838 periculum,
964 1777 1003 1817 ne
1027 1758 1102 1837 quid
1125 1755 1298 1836 perdidisse
1314 1765 1347 1818 te
1362 1760 1492 1818 sentias

266 1866 297 1925 in
335 1862 397 1926 hoc
429 1885 491 1926 uno
521 1864 577 1926 tibi
607 1865 682 1926 satis
711 1863 873 1945 praesidii,
910 1866 985 1925 satis
1016 1862 1121 1924 solacii
1152 1873 1217 1925 est:
1252 1862 1362 1924 attolle
1393 1873 1425 1925 te
1456 1873 1493 1926 et

229 1980 254 2020 ¹⁵
268 1972 413 2052 quotiens
436 1971 583 2033 lacrimae
606 1971 808 2032 suboriuntur
832 1969 930 2032 oculis
952 1971 1021 2044 tuis,
1045 1969 1254 2060 totiens‘illos
1270 1973 1300 2031 in
1318 1969 1491 2032 Caesarem

268 2078 385 2158 dirige:
411 2077 611 2140 siccabuntur
634 2079 764 2140 maximi
789 2085 820 2139 et
845 2076 1003 2138 clarissimi
1027 2086 1199 2158 conspectu
1223 2076 1354 2138 luminis.
1382 2076 1493 2157 ⁸fulgor

266 2184 329 2245 eius
361 2184 444 2259 illos,
476 2193 510 2246 ut
540 2184 615 2246 nihil
645 2185 729 2246 aliud
759 2185 881 2264 possint
903 2184 1082 2264 adspicere,
1112 2186 1321 2265 praestringet
1345 2193 1377 2245 et
1400 2185 1431 2244 in
1454 2204 1491 2246 se

265 2289 432 2352 haerentes
455 2291 616 2352 detinebit.
651 2290 701 2353 hic
724 2291 789 2365 tibi,
813 2309 908 2370 quem
932 2297 966 2350 tu
990 2289 1100 2350 diebus
1124 2291 1250 2353 intueris
1273 2311 1310 2351 ac
1333 2290 1521 2364 noctibus,l

266 2417 372 2478 aquo
403 2417 574 2479 numquam
606 2398 701 2460 deicis
725 2400 880 2471 animum,
912 2397 1099 2476 cogitandus
1123 2405 1187 2471 est,
1217 2396 1267 2458 hic
1291 2405 1403 2457 contra
1426 2395 1488 2457 sor-

225 2513 251 2553 '2⁰
265 2513 374 2565 tunam
406 2506 619 2566 aduocandus.
666 2525 724 2565 nec
757 2503 883 2578 dubit0,
915 2515 995 2564 cum·
1017 2512 1106 2564 tanta
1136 2502 1178 2565 illi
1201 2505 1352 2565 aduersus
1376 2523 1489 2564 omnes

264 2631 338 2672 suos
369 2611 409 2672 sit
440 2613 650 2673 mansuetudo
679 2620 831 2692 tantaque
853 2609 1062 2691 indulgentia,
1094 2610 1168 2691 quin
1191 2611 1252 2672 iam
1278 2609 1383 2670 multis
1407 2609 1485 2670 sola-

264 2717 317 2778 ciis
347 2726 436 2778 tuum
468 2718 550 2779 istud
582 2718 694 2779 uolnus
726 2717 912 2791 obduxerit,
947 2716 1061 2792 multa,
1093 2736 1174 2798 quae
1198 2717 1300 2778 dolori
1324 2717 1488 2778 obstarent

265 2833 329 2897 tu0,
353 2825 555 2905 congesserit,
601 2826 677 2905 qnid
701 2828 817 2905 porro?
855 2833 888 2885 ut
911 2822 985 2884 nihil
1008 2823 1121 2884 horum
1147 2822 1263 2897 lecerit,
1286 2843 1393 2884 norme
1415 2844 1484 2904 pro-

264 2931 346 2991 tinus
382 2930 448 3012 ipse
484 2941 672 3012 conspectus
707 2951 765 3012 per
800 2951 832 2992 se
865 2931 1090 2992 tantummodo
1122 2930 1340 3011 cogitatusque
1373 2928 1485 2991 Caesar

224 3053 249 3093 25
265 3038 406 3098 maximo
430 3037 547 3098 solacio
571 3037 626 3120 tibi
649 3041 717 3100 est?
750 3041 781 3099 di
804 3037 889 3099 illum
915 3039 1057 3118 deaeque
1081 3038 1169 3098 terris
1194 3037 1247 3097 diu
1270 3039 1483 3098 commodent.
1502 3043 1516 3096 5

264 3151 335 3204 acta
357 3137 407 3204 hit
431 3145 493 3205 diui
509 3143 647 3224 Augusti
670 3155 792 3225 aequet,
817 3163 916 3206 annos
937 3145 1048 3205 uincat.
1086 3144 1236 3223 quamdiu
1253 3145 1332 3204 inter
1348 3143 1484 3205 mortalis

264 3253 337 3324 erit,
368 3249 442 3311 nihil
473 3272 515 3312 ex
540 3253 638 3312 domo
662 3272 718 3313 sua
741 3251 876 3313 mortale
899 3271 968 3312 esse
992 3251 1112 3312 sentiat.
1159 3259 1316 3312 rectorem
1340 3251 1483 3311 Romano

264 3356 395 3437 imperio
419 3357 515 3418 filium
539 3357 635 3436 longa
658 3357 721 3419 fide
745 3357 902 3452 adprobet
926 3365 958 3417 et
981 3366 1054 3418 ante
1078 3356 1164 3417 illum
1188 3366 1372 3420 consortem
1393 3357 1483 3438 patris

268 3641 279 3690 l
306 3642 416 3689 omnium
435 3640 522 3688 horum
542 3638 569 3692 B
587 3639 673 3710 Neap.
693 3643 780 3690 horum
800 3642 909 3689 omnium
927 3637 977 3691 DE
1073 3641 1120 3688 hac
1140 3645 1163 3688 te
1182 3647 1213 3690 cil
1227 3636 1254 3690 Β
1273 3656 1303 3688 ac
1323 3656 1402 3689 rerum
1417 3638 1439 3692 D
1456 3653 1482 3687 ac

265 3735 344 3778 tecum
357 3726 385 3780 Ε
472 3729 655 3794 5periculosos
675 3728 700 3783 D
789 3728 921 3782 dominil
938 3735 961 3778 te
975 3733 1041 3798 post
1058 3726 1221 3781 obsistereD
1313 3728 1346 3780 12
1365 3745 1391 3778 re
1409 3726 1480 3796 (ras.)

264 3818 322 3866 hum
342 3817 419 3883 (ras.)
439 3815 573 3883 presideD
591 3819 662 3867 rebus
680 3820 793 3868 humanis
813 3819 918 3882 presidie
930 3815 958 3870 E
1047 3815 1078 3868 13
1098 3833 1143 3866 nec
1163 3823 1197 3866 est
1214 3815 1236 3868 B
1328 3817 1362 3884 14
1381 3834 1426 3865 uno
1444 3815 1480 3864 ubi

173 3960 178 3970 ,
264 3906 309 3955 tibi
323 3903 374 3958 DE
457 3907 581 3971 praesidii,
595 3909 653 3956 satis
665 3907 751 3957 solacii
766 3906 852 3976 Neap.
866 3907 957 3972 presidi
970 3906 1051 3955 solatii
1065 3902 1145 3957 BDE
1228 3903 1417 3969 lssdirigereD

265 4002 287 4044 et
305 3995 433 4045 clarissimi
452 3995 548 4048 omittit
566 3992 593 4046 l]
692 3995 790 4044 luminis
808 3993 919 4064 [ἱρείας
937 3995 1042 4044 numinis
1064 3990 1141 4045 BDE
1242 3991 1275 4045 17
1300 3988 1480 4058 perstringetD

355 4083 387 4137 18
406 4085 518 4132 indiebus
531 4082 557 4136 B
646 4084 679 4135 21
699 4086 756 4149 quin
771 4081 824 4136 DE
839 4086 879 4149 qui
896 4081 920 4136 B
1009 4081 1043 4134 22
1062 4083 1138 4131 multa
1157 4099 1220 4147 quae
1232 4080 1326 4136 Haase
1345 4099 1392 4132 non
1411 4081 1478 4130 multa

264 4188 327 4237 quae
346 4169 400 4224 ΒΕ
415 4189 465 4221 non
483 4172 559 4220 multa
577 4173 634 4236 quia
652 4169 680 4224 Ε
697 4174 811 4222 nonnulla
830 4189 892 4237 quae
911 4171 993 4240 uulqo
1131 4169 1165 4223 25
1194 4171 1354 4221 commodent
1373 4169 1398 4222 Ε
1402 4173 1412 4206 ²
1428 4177 1477 4217 acta

265 4262 305 4310 hic
325 4262 375 4310 diui
394 4261 496 4325 Augusti
515 4267 610 4325 aequet,
630 4276 706 4310 annos
725 4263 807 4310 uincat
821 4260 920 4329 Faber,
942 4259 1097 4314 Gronom'rrs
1115 4261 1288 4309 commendent
1316 4267 1370 4308 acta
1382 4260 1420 4308 hic
1432 4257 1477 4305 diui

265 4350 422 4414 angustieque
446 4356 496 4397 tam
521 4365 566 4398 nos
589 4349 670 4398 uincat
689 4348 715 4402 Β
733 4353 906 4400 commendent
931 4356 954 4399 et
979 4351 1069 4398 facient
1094 4355 1119 4397 ut
1137 4346 1163 4402 D
1181 4351 1354 4400 commendent
1372 4358 1393 4397 et
1410 4345 1476 4396 saciat

265 4445 289 4487 ut
310 4435 336 4490 Ε
424 4436 456 4490 27
475 4439 584 4487 humano
603 4439 707 4502 imperio
727 4436 781 4491 DE
868 4437 902 4492 28
921 4439 1012 4505 longua
1032 4439 1080 4488 fide
1100 4436 1126 4490 Β
