<?xml version="1.0" encoding="UTF-8"?>
<!DOCTYPE html PUBLIC "-//W3C//DTD XHTML 1.0 Transitional//EN"
    "http://www.w3.org/TR/xhtml1/DTD/xhtml1-transitional.dtd">
<html xmlns="http://www.w3.org/1999/xhtml" xml:lang="en" lang="en">
 <head>
  <title>
</title>
<meta http-equiv="Content-Type" content="text/html;charset=utf-8" />
  <meta name='ocr-system' content='tesseract 3.04.00' />
  <meta name='ocr-capabilities' content='ocr_page ocr_carea ocr_par ocr_line ocrx_word'/>
</head>
<body>
  <div class='ocr_page' id='page_1' title='image "./lannaeisenecaed01vahlgoog_0043.png"; bbox 0 0 3272 5334; ppageno 0'>
   <div class='ocr_carea' id='block_1_1' title="bbox 304 341 1303 432">
    <p class='ocr_par' dir='ltr' id='par_1_1' title="bbox 304 341 1303 432">
     <span class='ocr_line' id='line_1_1' title="bbox 304 341 1303 432; baseline 0.004 -28"><span class='ocrx_word' id='word_1_1' title='bbox 304 372 323 432; x_wconf 76' lang='lat'><strong>2</strong></span> <span class='ocrx_word' id='word_1_2' title='bbox 525 365 602 408; x_wconf 79' lang='lat' dir='ltr'>DlAL.</span> <span class='ocrx_word' id='word_1_3' title='bbox 623 369 640 409; x_wconf 88' lang='lat' dir='ltr'>l.</span> <span class='ocrx_word' id='word_1_4' title='bbox 660 366 761 417; x_wconf 82' lang='lat' dir='ltr'><strong>QVARE</strong></span> <span class='ocrx_word' id='word_1_5' title='bbox 781 365 891 416; x_wconf 77' lang='lat' dir='ltr'>nLlen</span> <span class='ocrx_word' id='word_1_6' title='bbox 910 365 1098 408; x_wconf 78' lang='lat' dir='ltr'>lNCOMMODA</span> <span class='ocrx_word' id='word_1_7' title='bbox 1117 365 1206 407; x_wconf 83' lang='lat' dir='ltr'>BONIS</span> <span class='ocrx_word' id='word_1_8' title='bbox 1224 341 1303 408; x_wconf 67' lang='lat' dir='ltr'>vulis</span> 
     </span>
    </p>
   </div>
   <div class='ocr_carea' id='block_1_2' title="bbox 205 510 1558 3890">
    <p class='ocr_par' dir='ltr' id='par_1_2' title="bbox 205 510 1558 3890">
     <span class='ocr_line' id='line_1_2' title="bbox 303 510 1523 593; baseline -0.002 -18"><span class='ocrx_word' id='word_1_9' title='bbox 303 510 433 575; x_wconf 84' lang='lat' dir='ltr'>confusa</span> <span class='ocrx_word' id='word_1_10' title='bbox 462 521 496 574; x_wconf 89' lang='lat' dir='ltr'>et</span> <span class='ocrx_word' id='word_1_11' title='bbox 525 511 655 586; x_wconf 89' lang='lat' dir='ltr'>incerta,</span> <span class='ocrx_word' id='word_1_12' title='bbox 686 510 806 593; x_wconf 87' lang='lat' dir='ltr'>pluuias</span> <span class='ocrx_word' id='word_1_13' title='bbox 837 512 908 574; x_wconf 94' lang='lat' dir='ltr'>dico</span> <span class='ocrx_word' id='word_1_14' title='bbox 939 511 1102 593; x_wconf 90' lang='lat' dir='ltr'>nubesque</span> <span class='ocrx_word' id='word_1_15' title='bbox 1130 521 1163 575; x_wconf 91' lang='lat' dir='ltr'>et</span> <span class='ocrx_word' id='word_1_16' title='bbox 1191 510 1337 574; x_wconf 89' lang='lat' dir='ltr'>elisorum</span> <span class='ocrx_word' id='word_1_17' title='bbox 1361 511 1523 574; x_wconf 81' lang='lat' dir='ltr'><strong>fulminum</strong></span> 
     </span>
     <span class='ocr_line' id='line_1_3' title="bbox 216 618 1522 700; baseline 0 -20"><span class='ocrx_word' id='word_1_18' title='bbox 216 688 218 694; x_wconf 41' lang='grc'>,</span> <span class='ocrx_word' id='word_1_19' title='bbox 302 620 399 680; x_wconf 89' lang='lat' dir='ltr'>iactus</span> <span class='ocrx_word' id='word_1_20' title='bbox 423 626 455 680; x_wconf 88' lang='lat' dir='ltr'>et</span> <span class='ocrx_word' id='word_1_21' title='bbox 479 619 622 680; x_wconf 88' lang='lat' dir='ltr'>incendia</span> <span class='ocrx_word' id='word_1_22' title='bbox 650 620 748 700; x_wconf 92' lang='lat' dir='ltr'>ruptis</span> <span class='ocrx_word' id='word_1_23' title='bbox 776 619 931 681; x_wconf 90' lang='lat' dir='ltr'>montium</span> <span class='ocrx_word' id='word_1_24' title='bbox 963 619 1130 681; x_wconf 91' lang='lat' dir='ltr'>uerticibus</span> <span class='ocrx_word' id='word_1_25' title='bbox 1161 618 1271 694; x_wconf 87' lang='lat' dir='ltr'>eflusa,</span> <span class='ocrx_word' id='word_1_26' title='bbox 1303 628 1459 680; x_wconf 88' lang='lat' dir='ltr'>tremores</span> <span class='ocrx_word' id='word_1_27' title='bbox 1481 618 1522 680; x_wconf 91' lang='lat' dir='ltr'>la-</span> 
     </span>
     <span class='ocr_line' id='line_1_4' title="bbox 301 725 1523 807; baseline -0.001 -21"><span class='ocrx_word' id='word_1_28' title='bbox 301 726 405 788; x_wconf 85' lang='lat' dir='ltr'>bantis</span> <span class='ocrx_word' id='word_1_29' title='bbox 427 725 485 788; x_wconf 92' lang='lat' dir='ltr'>soli</span> <span class='ocrx_word' id='word_1_30' title='bbox 508 725 629 806; x_wconf 85' lang='lat' dir='ltr'>aliaque</span> <span class='ocrx_word' id='word_1_31' title='bbox 652 745 733 806; x_wconf 89' lang='lat' dir='ltr'>quae</span> <span class='ocrx_word' id='word_1_32' title='bbox 756 725 951 788; x_wconf 88' lang='lat' dir='ltr'>tumultuosa</span> <span class='ocrx_word' id='word_1_33' title='bbox 973 745 1046 807; x_wconf 91' lang='lat' dir='ltr'>pars</span> <span class='ocrx_word' id='word_1_34' title='bbox 1067 745 1170 788; x_wconf 90' lang='lat' dir='ltr'>rerum</span> <span class='ocrx_word' id='word_1_35' title='bbox 1187 725 1268 787; x_wconf 90' lang='lat' dir='ltr'>circa</span> <span class='ocrx_word' id='word_1_36' title='bbox 1291 735 1390 790; x_wconf 86' lang='lat' dir='ltr'>terras</span> <span class='ocrx_word' id='word_1_37' title='bbox 1408 734 1523 799; x_wconf 93' lang='lat' dir='ltr'>mouet,</span> 
     </span>
     <span class='ocr_line' id='line_1_5' title="bbox 300 830 1523 912; baseline -0.002 -18"><span class='ocrx_word' id='word_1_38' title='bbox 300 834 367 894; x_wconf 90' lang='lat' dir='ltr'>sine</span> <span class='ocrx_word' id='word_1_39' title='bbox 389 833 519 908; x_wconf 89' lang='lat' dir='ltr'>ratione,</span> <span class='ocrx_word' id='word_1_40' title='bbox 542 833 686 912; x_wconf 90' lang='lat' dir='ltr'>quamuis</span> <span class='ocrx_word' id='word_1_41' title='bbox 709 833 811 894; x_wconf 88' lang='lat' dir='ltr'>subita</span> <span class='ocrx_word' id='word_1_42' title='bbox 834 834 903 906; x_wconf 88' lang='lat' dir='ltr'>sint,</span> <span class='ocrx_word' id='word_1_43' title='bbox 927 833 1081 907; x_wconf 89' lang='lat' dir='ltr'>accidunt,</span> <span class='ocrx_word' id='word_1_44' title='bbox 1110 833 1167 894; x_wconf 91' lang='lat' dir='ltr'>sed</span> <span class='ocrx_word' id='word_1_45' title='bbox 1190 852 1263 893; x_wconf 90' lang='lat' dir='ltr'>suas</span> <span class='ocrx_word' id='word_1_46' title='bbox 1286 840 1319 894; x_wconf 91' lang='lat' dir='ltr'>et</span> <span class='ocrx_word' id='word_1_47' title='bbox 1341 830 1392 893; x_wconf 89' lang='lat' dir='ltr'>illa</span> <span class='ocrx_word' id='word_1_48' title='bbox 1416 851 1523 894; x_wconf 88' lang='lat' dir='ltr'>causas</span> 
     </span>
     <span class='ocr_line' id='line_1_6' title="bbox 274 936 1548 1020; baseline -0.003 -18"><span class='ocrx_word' id='word_1_49' title='bbox 274 938 419 1002; x_wconf 71' lang='lat' dir='ltr'>shabent</span> <span class='ocrx_word' id='word_1_50' title='bbox 449 958 513 1001; x_wconf 92' lang='lat' dir='ltr'>non</span> <span class='ocrx_word' id='word_1_51' title='bbox 544 939 646 1001; x_wconf 94' lang='lat' dir='ltr'>minus</span> <span class='ocrx_word' id='word_1_52' title='bbox 677 959 772 1019; x_wconf 90' lang='lat' dir='ltr'>quam</span> <span class='ocrx_word' id='word_1_53' title='bbox 803 957 886 1020; x_wconf 89' lang='lat' dir='ltr'>quae</span> <span class='ocrx_word' id='word_1_54' title='bbox 915 937 1022 1000; x_wconf 90' lang='lat' dir='ltr'>alienis</span> <span class='ocrx_word' id='word_1_55' title='bbox 1053 937 1129 999; x_wconf 92' lang='lat' dir='ltr'>locis</span> <span class='ocrx_word' id='word_1_56' title='bbox 1168 947 1339 1019; x_wconf 88' lang='lat' dir='ltr'>conspecta</span> <span class='ocrx_word' id='word_1_57' title='bbox 1376 936 1548 1000; x_wconf 78' lang='lat' dir='ltr'>miraculo=</span> 
     </span>
     <span class='ocr_line' id='line_1_7' title="bbox 299 1043 1523 1125; baseline -0.002 -19"><span class='ocrx_word' id='word_1_58' title='bbox 299 1054 384 1120; x_wconf 90' lang='lat' dir='ltr'>sunt,</span> <span class='ocrx_word' id='word_1_59' title='bbox 415 1054 450 1107; x_wconf 87' lang='lat' dir='ltr'>ut</span> <span class='ocrx_word' id='word_1_60' title='bbox 480 1045 511 1106; x_wconf 94' lang='lat' dir='ltr'>in</span> <span class='ocrx_word' id='word_1_61' title='bbox 542 1045 653 1106; x_wconf 90' lang='lat' dir='ltr'>mediis</span> <span class='ocrx_word' id='word_1_62' title='bbox 677 1044 821 1106; x_wconf 90' lang='lat' dir='ltr'>fluctibus</span> <span class='ocrx_word' id='word_1_63' title='bbox 853 1043 991 1107; x_wconf 88' lang='lat' dir='ltr'>calentes</span> <span class='ocrx_word' id='word_1_64' title='bbox 1015 1064 1116 1125; x_wconf 86' lang='lat' dir='ltr'>aquae</span> <span class='ocrx_word' id='word_1_65' title='bbox 1139 1053 1171 1106; x_wconf 91' lang='lat' dir='ltr'>et</span> <span class='ocrx_word' id='word_1_66' title='bbox 1194 1064 1279 1106; x_wconf 90' lang='lat' dir='ltr'>noua</span> <span class='ocrx_word' id='word_1_67' title='bbox 1301 1043 1471 1106; x_wconf 90' lang='lat' dir='ltr'>insularum</span> <span class='ocrx_word' id='word_1_68' title='bbox 1495 1045 1523 1104; x_wconf 92' lang='lat' dir='ltr'>in</span> 
     </span>
     <span class='ocr_line' id='line_1_8' title="bbox 300 1149 1553 1234; baseline 0.002 -21"><span class='ocrx_word' id='word_1_69' title='bbox 300 1161 391 1213; x_wconf 88' lang='lat' dir='ltr'>uasto</span> <span class='ocrx_word' id='word_1_70' title='bbox 414 1150 606 1214; x_wconf 90' lang='lat' dir='ltr'>exilientium</span> <span class='ocrx_word' id='word_1_71' title='bbox 630 1153 708 1214; x_wconf 87' lang='lat' dir='ltr'>mari</span> <span class='ocrx_word' id='word_1_72' title='bbox 723 1152 830 1233; x_wconf 87' lang='lat' dir='ltr'>spatia</span> <span class='ocrx_word' id='word_1_73' title='bbox 871 1155 932 1217; x_wconf 87' lang='lat' dir='ltr'>iam</span> <span class='ocrx_word' id='word_1_74' title='bbox 950 1172 1025 1214; x_wconf 92' lang='lat' dir='ltr'>uero</span> <span class='ocrx_word' id='word_1_75' title='bbox 1049 1153 1074 1212; x_wconf 87' lang='lat' dir='ltr'>si</span> <span class='ocrx_word' id='word_1_76' title='bbox 1097 1151 1166 1234; x_wconf 88' lang='lat' dir='ltr'>quis</span> <span class='ocrx_word' id='word_1_77' title='bbox 1182 1151 1399 1212; x_wconf 88' lang='lat' dir='ltr'>obseruauerit</span> <span class='ocrx_word' id='word_1_78' title='bbox 1415 1149 1522 1211; x_wconf 91' lang='lat' dir='ltr'>nudari</span> <span class='ocrx_word' id='word_1_79' title='bbox 1541 1165 1553 1215; x_wconf 76' lang='lat' dir='ltr'>l</span> 
     </span>
     <span class='ocr_line' id='line_1_9' title="bbox 298 1256 1523 1352; baseline -0.001 -34"><span class='ocrx_word' id='word_1_80' title='bbox 298 1256 391 1320; x_wconf 84' lang='lat' dir='ltr'>litora</span> <span class='ocrx_word' id='word_1_81' title='bbox 420 1256 535 1339; x_wconf 83' lang='lat' dir='ltr'>pelago</span> <span class='ocrx_word' id='word_1_82' title='bbox 567 1259 597 1318; x_wconf 95' lang='lat' dir='ltr'>in</span> <span class='ocrx_word' id='word_1_83' title='bbox 627 1279 661 1319; x_wconf 88' lang='lat' dir='ltr'>se</span> <span class='ocrx_word' id='word_1_84' title='bbox 692 1260 860 1320; x_wconf 85' lang='lat' dir='ltr'>recedente</span> <span class='ocrx_word' id='word_1_85' title='bbox 897 1259 1074 1338; x_wconf 89' lang='lat' dir='ltr'>eademque</span> <span class='ocrx_word' id='word_1_86' title='bbox 1103 1258 1185 1352; x_wconf 72' lang='lat' dir='ltr'>intra</span> <span class='ocrx_word' id='word_1_87' title='bbox 1216 1259 1367 1336; x_wconf 86' lang='lat' dir='ltr'>exiguum</span> <span class='ocrx_word' id='word_1_88' title='bbox 1399 1264 1523 1337; x_wconf 90' lang='lat' dir='ltr'>tempus</span> 
     </span>
     <span class='ocr_line' id='line_1_10' title="bbox 299 1361 1524 1446; baseline -0.002 -20"><span class='ocrx_word' id='word_1_89' title='bbox 299 1365 425 1446; x_wconf 90' lang='lat' dir='ltr'>operiri,</span> <span class='ocrx_word' id='word_1_90' title='bbox 449 1365 557 1427; x_wconf 86' lang='lat' dir='ltr'>credet</span> <span class='ocrx_word' id='word_1_91' title='bbox 581 1385 675 1426; x_wconf 91' lang='lat' dir='ltr'>caeca</span> <span class='ocrx_word' id='word_1_92' title='bbox 698 1366 838 1445; x_wconf 90' lang='lat' dir='ltr'>quadam</span> <span class='ocrx_word' id='word_1_93' title='bbox 863 1363 1057 1427; x_wconf 86' lang='lat' dir='ltr'>uolutatione</span> <span class='ocrx_word' id='word_1_94' title='bbox 1081 1364 1179 1425; x_wconf 92' lang='lat' dir='ltr'>modo</span> <span class='ocrx_word' id='word_1_95' title='bbox 1203 1361 1345 1425; x_wconf 85' lang='lat' dir='ltr'>contrahi</span> <span class='ocrx_word' id='word_1_96' title='bbox 1370 1364 1470 1424; x_wconf 89' lang='lat' dir='ltr'>undas</span> <span class='ocrx_word' id='word_1_97' title='bbox 1494 1372 1524 1424; x_wconf 93' lang='lat' dir='ltr'>et</span> 
     </span>
     <span class='ocr_line' id='line_1_11' title="bbox 205 1471 1524 1553; baseline -0.002 -21"><span class='ocrx_word' id='word_1_98' title='bbox 205 1543 208 1551; x_wconf 17' lang='grc' dir='ltr'><strong>Α</strong></span> <span class='ocrx_word' id='word_1_99' title='bbox 234 1512 237 1522; x_wconf 81' lang='lat'><em>-</em></span> <span class='ocrx_word' id='word_1_100' title='bbox 262 1491 286 1532; x_wconf 80' lang='lat' dir='ltr'>io</span> <span class='ocrx_word' id='word_1_101' title='bbox 300 1471 467 1533; x_wconf 86' lang='lat' dir='ltr'>introrsum</span> <span class='ocrx_word' id='word_1_102' title='bbox 501 1471 564 1550; x_wconf 84' lang='lat' dir='ltr'>agi,</span> <span class='ocrx_word' id='word_1_103' title='bbox 596 1471 695 1532; x_wconf 93' lang='lat' dir='ltr'>modo</span> <span class='ocrx_word' id='word_1_104' title='bbox 727 1491 892 1553; x_wconf 87' lang='lat' dir='ltr'>erumpere</span> <span class='ocrx_word' id='word_1_105' title='bbox 924 1481 956 1533; x_wconf 88' lang='lat' dir='ltr'>et</span> <span class='ocrx_word' id='word_1_106' title='bbox 987 1489 1104 1550; x_wconf 87' lang='lat' dir='ltr'>magno</span> <span class='ocrx_word' id='word_1_107' title='bbox 1133 1490 1223 1531; x_wconf 88' lang='lat' dir='ltr'>cursu</span> <span class='ocrx_word' id='word_1_108' title='bbox 1247 1479 1389 1552; x_wconf 91' lang='lat' dir='ltr'>repetere</span> <span class='ocrx_word' id='word_1_109' title='bbox 1412 1471 1524 1531; x_wconf 90' lang='lat' dir='ltr'>sedem</span> 
     </span>
     <span class='ocr_line' id='line_1_12' title="bbox 299 1575 1524 1660; baseline -0.002 -21"><span class='ocrx_word' id='word_1_110' title='bbox 299 1596 398 1652; x_wconf 90' lang='lat' dir='ltr'>suam,</span> <span class='ocrx_word' id='word_1_111' title='bbox 422 1598 495 1639; x_wconf 93' lang='lat' dir='ltr'>cum</span> <span class='ocrx_word' id='word_1_112' title='bbox 518 1578 640 1638; x_wconf 87' lang='lat' dir='ltr'>interim</span> <span class='ocrx_word' id='word_1_113' title='bbox 665 1575 733 1640; x_wconf 88' lang='lat' dir='ltr'>illae</span> <span class='ocrx_word' id='word_1_114' title='bbox 749 1577 947 1658; x_wconf 84' lang='lat' dir='ltr'>portionibus</span> <span class='ocrx_word' id='word_1_115' title='bbox 964 1585 1107 1638; x_wconf 90' lang='lat' dir='ltr'>crescunt</span> <span class='ocrx_word' id='word_1_116' title='bbox 1131 1584 1164 1637; x_wconf 90' lang='lat' dir='ltr'>et</span> <span class='ocrx_word' id='word_1_117' title='bbox 1187 1577 1228 1638; x_wconf 91' lang='lat' dir='ltr'>ad</span> <span class='ocrx_word' id='word_1_118' title='bbox 1252 1576 1364 1660; x_wconf 71' lang='lat' dir='ltr'>horqm</span> <span class='ocrx_word' id='word_1_119' title='bbox 1388 1597 1425 1638; x_wconf 92' lang='lat' dir='ltr'>ac</span> <span class='ocrx_word' id='word_1_120' title='bbox 1441 1575 1524 1637; x_wconf 91' lang='lat' dir='ltr'>diem</span> 
     </span>
     <span class='ocr_line' id='line_1_13' title="bbox 299 1681 1525 1765; baseline -0.003 -19"><span class='ocrx_word' id='word_1_121' title='bbox 299 1684 435 1746; x_wconf 89' lang='lat' dir='ltr'>subeunt</span> <span class='ocrx_word' id='word_1_122' title='bbox 458 1683 625 1764; x_wconf 91' lang='lat' dir='ltr'>ampliores</span> <span class='ocrx_word' id='word_1_123' title='bbox 649 1681 860 1765; x_wconf 75' lang='lat' dir='ltr'>minoresque,</span> <span class='ocrx_word' id='word_1_124' title='bbox 891 1692 985 1765; x_wconf 88' lang='lat' dir='ltr'>prout</span> <span class='ocrx_word' id='word_1_125' title='bbox 1008 1682 1073 1745; x_wconf 90' lang='lat' dir='ltr'>illas</span> <span class='ocrx_word' id='word_1_126' title='bbox 1096 1683 1204 1744; x_wconf 88' lang='lat' dir='ltr'>lunare</span> <span class='ocrx_word' id='word_1_127' title='bbox 1226 1682 1312 1744; x_wconf 87' lang='lat' dir='ltr'>sidus</span> <span class='ocrx_word' id='word_1_128' title='bbox 1335 1681 1453 1756; x_wconf 90' lang='lat' dir='ltr'>elicuit,</span> <span class='ocrx_word' id='word_1_129' title='bbox 1486 1683 1525 1744; x_wconf 89' lang='lat' dir='ltr'>ad</span> 
     </span>
     <span class='ocr_line' id='line_1_14' title="bbox 299 1789 1525 1870; baseline -0.002 -18"><span class='ocrx_word' id='word_1_130' title='bbox 299 1791 384 1852; x_wconf 92' lang='lat' dir='ltr'>cuius</span> <span class='ocrx_word' id='word_1_131' title='bbox 415 1789 575 1852; x_wconf 84' lang='lat' dir='ltr'>arbitrium</span> <span class='ocrx_word' id='word_1_132' title='bbox 608 1810 745 1852; x_wconf 91' lang='lat' dir='ltr'>oceanus</span> <span class='ocrx_word' id='word_1_133' title='bbox 776 1791 926 1852; x_wconf 91' lang='lat' dir='ltr'>exundat.</span> <span class='ocrx_word' id='word_1_134' title='bbox 972 1809 1030 1851; x_wconf 89' lang='lat' dir='ltr'>suo</span> <span class='ocrx_word' id='word_1_135' title='bbox 1061 1789 1120 1851; x_wconf 86' lang='lat' dir='ltr'>ista</span> <span class='ocrx_word' id='word_1_136' title='bbox 1151 1789 1287 1870; x_wconf 90' lang='lat' dir='ltr'>tempori</span> <span class='ocrx_word' id='word_1_137' title='bbox 1319 1791 1525 1863; x_wconf 81' lang='lat' dir='ltr'>reseruentur,</span> 
     </span>
     <span class='ocr_line' id='line_1_15' title="bbox 300 1895 1525 1978; baseline 0 -20"><span class='ocrx_word' id='word_1_138' title='bbox 300 1917 339 1958; x_wconf 90' lang='lat' dir='ltr'>eo</span> <span class='ocrx_word' id='word_1_139' title='bbox 363 1896 489 1978; x_wconf 91' lang='lat' dir='ltr'>quidem</span> <span class='ocrx_word' id='word_1_140' title='bbox 508 1897 608 1978; x_wconf 87' lang='lat' dir='ltr'>magis</span> <span class='ocrx_word' id='word_1_141' title='bbox 631 1896 716 1977; x_wconf 93' lang='lat' dir='ltr'>quod</span> <span class='ocrx_word' id='word_1_142' title='bbox 740 1904 774 1957; x_wconf 89' lang='lat' dir='ltr'>tu</span> <span class='ocrx_word' id='word_1_143' title='bbox 789 1916 854 1957; x_wconf 88' lang='lat' dir='ltr'>non</span> <span class='ocrx_word' id='word_1_144' title='bbox 878 1895 1003 1957; x_wconf 87' lang='lat' dir='ltr'>dubitas</span> <span class='ocrx_word' id='word_1_145' title='bbox 1024 1897 1065 1958; x_wconf 97' lang='lat' dir='ltr'>de</span> <span class='ocrx_word' id='word_1_146' title='bbox 1081 1896 1280 1976; x_wconf 89' lang='lat' dir='ltr'>prouidentia</span> <span class='ocrx_word' id='word_1_147' title='bbox 1303 1896 1360 1957; x_wconf 91' lang='lat' dir='ltr'>sed</span> <span class='ocrx_word' id='word_1_148' title='bbox 1377 1895 1525 1975; x_wconf 83' lang='lat' dir='ltr'>quereris</span> 
     </span>
     <span class='ocr_line' id='line_1_16' title="bbox 263 2001 1556 2090; baseline 0.001 -29"><span class='ocrx_word' id='word_1_149' title='bbox 263 2005 329 2090; x_wconf 77' lang='lat' dir='ltr'>uin</span> <span class='ocrx_word' id='word_1_150' title='bbox 353 2003 485 2084; x_wconf 84' lang='lat' dir='ltr'>gratiam</span> <span class='ocrx_word' id='word_1_151' title='bbox 510 2011 542 2064; x_wconf 91' lang='lat' dir='ltr'>te</span> <span class='ocrx_word' id='word_1_152' title='bbox 565 2003 714 2064; x_wconf 88' lang='lat' dir='ltr'>reducam</span> <span class='ocrx_word' id='word_1_153' title='bbox 739 2021 810 2064; x_wconf 92' lang='lat' dir='ltr'>cum</span> <span class='ocrx_word' id='word_1_154' title='bbox 835 2003 883 2064; x_wconf 92' lang='lat' dir='ltr'>dis</span> <span class='ocrx_word' id='word_1_155' title='bbox 912 2004 1064 2064; x_wconf 90' lang='lat' dir='ltr'>aduersus</span> <span class='ocrx_word' id='word_1_156' title='bbox 1089 2003 1228 2083; x_wconf 91' lang='lat' dir='ltr'>optimos</span> <span class='ocrx_word' id='word_1_157' title='bbox 1249 2001 1383 2082; x_wconf 81' lang='lat' dir='ltr'>optimis</span> <span class='ocrx_word' id='word_1_158' title='bbox 1422 2022 1556 2082; x_wconf 62' lang='lat' dir='ltr'>nequer,</span> 
     </span>
     <span class='ocr_line' id='line_1_17' title="bbox 299 2107 1526 2190; baseline -0.001 -19"><span class='ocrx_word' id='word_1_159' title='bbox 299 2109 382 2171; x_wconf 91' lang='lat' dir='ltr'>enim</span> <span class='ocrx_word' id='word_1_160' title='bbox 406 2130 509 2170; x_wconf 92' lang='lat' dir='ltr'>rerum</span> <span class='ocrx_word' id='word_1_161' title='bbox 533 2118 643 2170; x_wconf 86' lang='lat' dir='ltr'>natura</span> <span class='ocrx_word' id='word_1_162' title='bbox 666 2109 782 2190; x_wconf 91' lang='lat' dir='ltr'>patitur</span> <span class='ocrx_word' id='word_1_163' title='bbox 806 2118 840 2171; x_wconf 95' lang='lat' dir='ltr'>ut</span> <span class='ocrx_word' id='word_1_164' title='bbox 864 2128 1017 2189; x_wconf 58' lang='lat' dir='ltr'>umquam»</span> <span class='ocrx_word' id='word_1_165' title='bbox 1040 2107 1124 2170; x_wconf 91' lang='lat' dir='ltr'>bona</span> <span class='ocrx_word' id='word_1_166' title='bbox 1148 2108 1239 2169; x_wconf 91' lang='lat' dir='ltr'>bonis</span> <span class='ocrx_word' id='word_1_167' title='bbox 1262 2117 1405 2169; x_wconf 85' lang='lat' dir='ltr'>noceant.</span> <span class='ocrx_word' id='word_1_168' title='bbox 1445 2109 1526 2170; x_wconf 91' lang='lat' dir='ltr'>inter</span> 
     </span>
     <span class='ocr_line' id='line_1_18' title="bbox 299 2213 1526 2278; baseline -0.001 -2"><span class='ocrx_word' id='word_1_169' title='bbox 299 2216 403 2278; x_wconf 92' lang='lat' dir='ltr'>bonos</span> <span class='ocrx_word' id='word_1_170' title='bbox 435 2216 517 2278; x_wconf 90' lang='lat' dir='ltr'>uiros</span> <span class='ocrx_word' id='word_1_171' title='bbox 538 2223 585 2276; x_wconf 69' lang='lat' dir='ltr'>”ac</span> <span class='ocrx_word' id='word_1_172' title='bbox 615 2217 694 2278; x_wconf 91' lang='lat' dir='ltr'>deos</span> <span class='ocrx_word' id='word_1_173' title='bbox 724 2215 859 2276; x_wconf 91' lang='lat' dir='ltr'>amicitia</span> <span class='ocrx_word' id='word_1_174' title='bbox 888 2223 937 2277; x_wconf 87' lang='lat' dir='ltr'>est</span> <span class='ocrx_word' id='word_1_175' title='bbox 965 2213 1150 2276; x_wconf 88' lang='lat' dir='ltr'>conciliante</span> <span class='ocrx_word' id='word_1_176' title='bbox 1175 2213 1305 2276; x_wconf 86' lang='lat' dir='ltr'>uirtute:</span> <span class='ocrx_word' id='word_1_177' title='bbox 1355 2214 1526 2276; x_wconf 90' lang='lat' dir='ltr'>amicitiam</span> 
     </span>
     <span class='ocr_line' id='line_1_19' title="bbox 300 2319 1526 2401; baseline -0.002 -17"><span class='ocrx_word' id='word_1_178' title='bbox 300 2323 391 2384; x_wconf 85' lang='lat' dir='ltr'>dico?</span> <span class='ocrx_word' id='word_1_179' title='bbox 431 2323 529 2384; x_wconf 92' lang='lat' dir='ltr'>immo</span> <span class='ocrx_word' id='word_1_180' title='bbox 569 2322 663 2384; x_wconf 90' lang='lat' dir='ltr'>etiam</span> <span class='ocrx_word' id='word_1_181' title='bbox 696 2319 896 2383; x_wconf 89' lang='lat' dir='ltr'>necessitudo</span> <span class='ocrx_word' id='word_1_182' title='bbox 928 2329 960 2384; x_wconf 91' lang='lat' dir='ltr'>et</span> <span class='ocrx_word' id='word_1_183' title='bbox 990 2319 1176 2395; x_wconf 88' lang='lat' dir='ltr'>similitudo,</span> <span class='ocrx_word' id='word_1_184' title='bbox 1216 2320 1364 2401; x_wconf 86' lang='lat' dir='ltr'>quoniam</span> <span class='ocrx_word' id='word_1_185' title='bbox 1395 2321 1526 2401; x_wconf 91' lang='lat' dir='ltr'>quidem</span> 
     </span>
     <span class='ocr_line' id='line_1_20' title="bbox 299 2425 1527 2526; baseline -0.002 -37"><span class='ocrx_word' id='word_1_186' title='bbox 299 2429 402 2490; x_wconf 91' lang='lat' dir='ltr'>bonus</span> <span class='ocrx_word' id='word_1_187' title='bbox 425 2436 571 2510; x_wconf 90' lang='lat' dir='ltr'>tempore</span> <span class='ocrx_word' id='word_1_188' title='bbox 594 2437 715 2526; x_wconf 71' lang='lat' dir='ltr'>tqntum</span> <span class='ocrx_word' id='word_1_189' title='bbox 740 2449 759 2489; x_wconf 88' lang='lat' dir='ltr'>a</span> <span class='ocrx_word' id='word_1_190' title='bbox 783 2430 845 2489; x_wconf 88' lang='lat' dir='ltr'>deo</span> <span class='ocrx_word' id='word_1_191' title='bbox 869 2425 981 2501; x_wconf 85' lang='lat' dir='ltr'>differt,</span> <span class='ocrx_word' id='word_1_192' title='bbox 1006 2427 1174 2507; x_wconf 90' lang='lat' dir='ltr'>discipulus</span> <span class='ocrx_word' id='word_1_193' title='bbox 1198 2427 1262 2487; x_wconf 91' lang='lat' dir='ltr'>eius</span> <span class='ocrx_word' id='word_1_194' title='bbox 1286 2425 1527 2507; x_wconf 88' lang='lat' dir='ltr'>aemulatorque</span> 
     </span>
     <span class='ocr_line' id='line_1_21' title="bbox 259 2531 1526 2616; baseline -0.001 -23"><span class='ocrx_word' id='word_1_195' title='bbox 259 2553 286 2593; x_wconf 79' lang='lat' dir='ltr'>ro</span> <span class='ocrx_word' id='word_1_196' title='bbox 301 2543 332 2595; x_wconf 93' lang='lat' dir='ltr'>et</span> <span class='ocrx_word' id='word_1_197' title='bbox 356 2554 430 2595; x_wconf 88' lang='lat' dir='ltr'>uera</span> <span class='ocrx_word' id='word_1_198' title='bbox 452 2533 628 2615; x_wconf 70' lang='lat' dir='ltr'>progenies</span> <span class='ocrx_word' id='word_1_199' title='bbox 652 2554 746 2614; x_wconf 92' lang='lat' dir='ltr'>quam</span> <span class='ocrx_word' id='word_1_200' title='bbox 763 2553 876 2616; x_wconf 91' lang='lat' dir='ltr'>parens</span> <span class='ocrx_word' id='word_1_201' title='bbox 899 2531 949 2594; x_wconf 90' lang='lat' dir='ltr'>ille</span> <span class='ocrx_word' id='word_1_202' title='bbox 970 2531 1162 2612; x_wconf 79' lang='lat' dir='ltr'>magnificuS,</span> <span class='ocrx_word' id='word_1_203' title='bbox 1186 2533 1336 2594; x_wconf 91' lang='lat' dir='ltr'>uirtutum</span> <span class='ocrx_word' id='word_1_204' title='bbox 1360 2551 1425 2593; x_wconf 93' lang='lat' dir='ltr'>non</span> <span class='ocrx_word' id='word_1_205' title='bbox 1450 2532 1526 2594; x_wconf 88' lang='lat' dir='ltr'>lenis</span> 
     </span>
     <span class='ocr_line' id='line_1_22' title="bbox 300 2637 1558 2721; baseline -0.001 -20"><span class='ocrx_word' id='word_1_206' title='bbox 300 2648 445 2713; x_wconf 87' lang='lat' dir='ltr'>exactor,</span> <span class='ocrx_word' id='word_1_207' title='bbox 485 2640 564 2701; x_wconf 88' lang='lat' dir='ltr'>sicut</span> <span class='ocrx_word' id='word_1_208' title='bbox 587 2641 687 2700; x_wconf 88' lang='lat' dir='ltr'>seueri</span> <span class='ocrx_word' id='word_1_209' title='bbox 711 2647 832 2721; x_wconf 78' lang='lat' dir='ltr'>patreS,</span> <span class='ocrx_word' id='word_1_210' title='bbox 863 2639 969 2700; x_wconf 92' lang='lat' dir='ltr'>durius</span> <span class='ocrx_word' id='word_1_211' title='bbox 1002 2638 1123 2701; x_wconf 86' lang='lat' dir='ltr'>educat.</span> <span class='ocrx_word' id='word_1_212' title='bbox 1170 2639 1276 2720; x_wconf 92' lang='lat' dir='ltr'>itaque</span> <span class='ocrx_word' id='word_1_213' title='bbox 1306 2658 1379 2700; x_wconf 94' lang='lat' dir='ltr'>cum</span> <span class='ocrx_word' id='word_1_214' title='bbox 1410 2637 1558 2708; x_wconf 73' lang='lat' dir='ltr'>uiderisss</span> 
     </span>
     <span class='ocr_line' id='line_1_23' title="bbox 299 2743 1524 2826; baseline 0 -20"><span class='ocrx_word' id='word_1_215' title='bbox 299 2745 403 2807; x_wconf 90' lang='lat' dir='ltr'>bonos</span> <span class='ocrx_word' id='word_1_216' title='bbox 427 2745 510 2806; x_wconf 88' lang='lat' dir='ltr'>uiros</span> <span class='ocrx_word' id='word_1_217' title='bbox 533 2754 744 2826; x_wconf 89' lang='lat' dir='ltr'>acceptosque</span> <span class='ocrx_word' id='word_1_218' title='bbox 768 2744 815 2806; x_wconf 89' lang='lat' dir='ltr'>dis</span> <span class='ocrx_word' id='word_1_219' title='bbox 838 2743 996 2819; x_wconf 86' lang='lat' dir='ltr'>laborare,</span> <span class='ocrx_word' id='word_1_220' title='bbox 1025 2746 1147 2819; x_wconf 82' lang='lat' dir='ltr'>sudare,</span> <span class='ocrx_word' id='word_1_221' title='bbox 1178 2765 1235 2826; x_wconf 88' lang='lat' dir='ltr'>per</span> <span class='ocrx_word' id='word_1_222' title='bbox 1255 2746 1392 2806; x_wconf 86' lang='lat' dir='ltr'>arduum</span> <span class='ocrx_word' id='word_1_223' title='bbox 1416 2765 1524 2807; x_wconf 91' lang='lat' dir='ltr'>escen-</span> 
     </span>
     <span class='ocr_line' id='line_1_24' title="bbox 300 2849 1526 2931; baseline -0.001 -18"><span class='ocrx_word' id='word_1_224' title='bbox 300 2853 389 2927; x_wconf 86' lang='lat' dir='ltr'>dere,</span> <span class='ocrx_word' id='word_1_225' title='bbox 413 2851 515 2913; x_wconf 92' lang='lat' dir='ltr'>malos</span> <span class='ocrx_word' id='word_1_226' title='bbox 538 2861 644 2912; x_wconf 86' lang='lat' dir='ltr'>autem</span> <span class='ocrx_word' id='word_1_227' title='bbox 668 2851 807 2913; x_wconf 90' lang='lat' dir='ltr'>lasciuire</span> <span class='ocrx_word' id='word_1_228' title='bbox 830 2859 862 2912; x_wconf 91' lang='lat' dir='ltr'>et</span> <span class='ocrx_word' id='word_1_229' title='bbox 886 2849 1100 2931; x_wconf 88' lang='lat' dir='ltr'>uoluptatibus</span> <span class='ocrx_word' id='word_1_230' title='bbox 1124 2849 1233 2925; x_wconf 84' lang='lat' dir='ltr'>liuere,</span> <span class='ocrx_word' id='word_1_231' title='bbox 1262 2852 1367 2931; x_wconf 82' lang='lat' dir='ltr'>cogita</span> <span class='ocrx_word' id='word_1_232' title='bbox 1389 2850 1526 2913; x_wconf 89' lang='lat' dir='ltr'>filiorum</span> 
     </span>
     <span class='ocr_line' id='line_1_25' title="bbox 299 2956 1527 3039; baseline 0.001 -21"><span class='ocrx_word' id='word_1_233' title='bbox 299 2978 358 3019; x_wconf 89' lang='lat' dir='ltr'>nos</span> <span class='ocrx_word' id='word_1_234' title='bbox 382 2959 539 3020; x_wconf 88' lang='lat' dir='ltr'>modestia</span> <span class='ocrx_word' id='word_1_235' title='bbox 562 2958 718 3033; x_wconf 88' lang='lat' dir='ltr'>delectari,</span> <span class='ocrx_word' id='word_1_236' title='bbox 742 2957 938 3019; x_wconf 92' lang='lat' dir='ltr'>uernularum</span> <span class='ocrx_word' id='word_1_237' title='bbox 959 2957 1083 3020; x_wconf 88' lang='lat' dir='ltr'>licentia</span> <span class='ocrx_word' id='word_1_238' title='bbox 1089 2984 1097 3031; x_wconf 80' lang='lat'>3</span> <span class='ocrx_word' id='word_1_239' title='bbox 1131 2956 1200 3018; x_wconf 89' lang='lat' dir='ltr'>illos</span> <span class='ocrx_word' id='word_1_240' title='bbox 1224 2956 1384 3039; x_wconf 86' lang='lat' dir='ltr'>disciplina</span> <span class='ocrx_word' id='word_1_241' title='bbox 1399 2959 1527 3019; x_wconf 90' lang='lat' dir='ltr'>tristiori</span> 
     </span>
     <span class='ocr_line' id='line_1_26' title="bbox 260 3062 1526 3145; baseline 0.002 -23"><span class='ocrx_word' id='word_1_242' title='bbox 260 3083 286 3122; x_wconf 77' lang='lat' dir='ltr'>ns</span> <span class='ocrx_word' id='word_1_243' title='bbox 301 3065 460 3139; x_wconf 87' lang='lat' dir='ltr'>contineri,</span> <span class='ocrx_word' id='word_1_244' title='bbox 483 3064 597 3126; x_wconf 91' lang='lat' dir='ltr'>horum</span> <span class='ocrx_word' id='word_1_245' title='bbox 621 3064 659 3125; x_wconf 84' lang='lat' dir='ltr'>ali</span> <span class='ocrx_word' id='word_1_246' title='bbox 683 3064 856 3126; x_wconf 78' lang='lat' dir='ltr'>audaciam.</span> <span class='ocrx_word' id='word_1_247' title='bbox 901 3065 986 3125; x_wconf 93' lang='lat' dir='ltr'>idem</span> <span class='ocrx_word' id='word_1_248' title='bbox 1010 3063 1065 3124; x_wconf 92' lang='lat' dir='ltr'>tibi</span> <span class='ocrx_word' id='word_1_249' title='bbox 1089 3064 1215 3125; x_wconf 88' lang='lat' dir='ltr'>dedeo</span> <span class='ocrx_word' id='word_1_250' title='bbox 1239 3062 1364 3145; x_wconf 92' lang='lat' dir='ltr'>liqueat.</span> <span class='ocrx_word' id='word_1_251' title='bbox 1403 3063 1526 3125; x_wconf 93' lang='lat' dir='ltr'>bonum</span> 
     </span>
     <span class='ocr_line' id='line_1_27' title="bbox 301 3169 1526 3252; baseline -0.001 -21"><span class='ocrx_word' id='word_1_252' title='bbox 301 3171 401 3232; x_wconf 93' lang='lat' dir='ltr'>uirum</span> <span class='ocrx_word' id='word_1_253' title='bbox 415 3171 455 3240; x_wconf 23' lang='lat' dir='ltr'>,in</span> <span class='ocrx_word' id='word_1_254' title='bbox 479 3170 595 3232; x_wconf 90' lang='lat' dir='ltr'>deliciis</span> <span class='ocrx_word' id='word_1_255' title='bbox 619 3170 822 3233; x_wconf 86' lang='lat' dir='ltr'>nonhabet:</span> <span class='ocrx_word' id='word_1_256' title='bbox 856 3169 1032 3252; x_wconf 87' lang='lat' dir='ltr'>experitur,</span> <span class='ocrx_word' id='word_1_257' title='bbox 1064 3170 1203 3244; x_wconf 89' lang='lat' dir='ltr'>indurat,</span> <span class='ocrx_word' id='word_1_258' title='bbox 1234 3171 1292 3231; x_wconf 88' lang='lat' dir='ltr'>sibi</span> <span class='ocrx_word' id='word_1_259' title='bbox 1316 3169 1401 3231; x_wconf 93' lang='lat' dir='ltr'>illum</span> <span class='ocrx_word' id='word_1_260' title='bbox 1426 3179 1526 3250; x_wconf 88' lang='lat' dir='ltr'>parat.</span> 
     </span>
     <span class='ocr_line' id='line_1_28' title="bbox 389 3275 1557 3358; baseline 0.001 -22"><span class='ocrx_word' id='word_1_261' title='bbox 389 3276 425 3337; x_wconf 94' lang='lat' dir='ltr'>Il.</span> <span class='ocrx_word' id='word_1_262' title='bbox 450 3275 557 3358; x_wconf 83' lang='lat' dir='ltr'>Quare</span> <span class='ocrx_word' id='word_1_263' title='bbox 581 3275 680 3338; x_wconf 91' lang='lat' dir='ltr'>multa</span> <span class='ocrx_word' id='word_1_264' title='bbox 702 3276 793 3338; x_wconf 90' lang='lat' dir='ltr'>bonis</span> <span class='ocrx_word' id='word_1_265' title='bbox 821 3277 892 3339; x_wconf 87' lang='lat' dir='ltr'>uiris</span> <span class='ocrx_word' id='word_1_266' title='bbox 915 3277 1049 3338; x_wconf 87' lang='lat' dir='ltr'>aduersa</span> <span class='ocrx_word' id='word_1_267' title='bbox 1072 3277 1239 3338; x_wconf 89' lang='lat' dir='ltr'>eueniunt?</span> <span class='ocrx_word' id='word_1_268' title='bbox 1285 3275 1358 3337; x_wconf 86' lang='lat' dir='ltr'>nihil</span> <span class='ocrx_word' id='word_1_269' title='bbox 1381 3277 1527 3339; x_wconf 90' lang='lat' dir='ltr'>accidere</span> <span class='ocrx_word' id='word_1_270' title='bbox 1546 3296 1557 3346; x_wconf 84' lang='lat'>1</span> 
     </span>
     <span class='ocr_line' id='line_1_29' title="bbox 300 3383 1527 3464; baseline 0 -20"><span class='ocrx_word' id='word_1_271' title='bbox 300 3383 389 3444; x_wconf 90' lang='lat' dir='ltr'>bono</span> <span class='ocrx_word' id='word_1_272' title='bbox 413 3384 479 3444; x_wconf 94' lang='lat' dir='ltr'>uiro</span> <span class='ocrx_word' id='word_1_273' title='bbox 504 3383 578 3444; x_wconf 92' lang='lat' dir='ltr'>mali</span> <span class='ocrx_word' id='word_1_274' title='bbox 601 3391 726 3464; x_wconf 86' lang='lat' dir='ltr'>potest:</span> <span class='ocrx_word' id='word_1_275' title='bbox 760 3403 824 3444; x_wconf 92' lang='lat' dir='ltr'>non</span> <span class='ocrx_word' id='word_1_276' title='bbox 856 3384 1025 3444; x_wconf 89' lang='lat' dir='ltr'>miscentur</span> <span class='ocrx_word' id='word_1_277' title='bbox 1048 3383 1211 3456; x_wconf 86' lang='lat' dir='ltr'>contraria.</span> <span class='ocrx_word' id='word_1_278' title='bbox 1250 3383 1527 3462; x_wconf 90' lang='lat' dir='ltr'>quemadmodum</span> 
     </span>
     <span class='ocr_line' id='line_1_30' title="bbox 301 3474 1527 3576; baseline 0 -26"><span class='ocrx_word' id='word_1_279' title='bbox 301 3497 350 3550; x_wconf 88' lang='lat' dir='ltr'>tot</span> <span class='ocrx_word' id='word_1_280' title='bbox 366 3509 483 3565; x_wconf 89' lang='lat' dir='ltr'>amnes,</span> <span class='ocrx_word' id='word_1_281' title='bbox 507 3497 628 3568; x_wconf 88' lang='lat' dir='ltr'>tantum</span> <span class='ocrx_word' id='word_1_282' title='bbox 646 3510 780 3571; x_wconf 91' lang='lat' dir='ltr'>superne</span> <span class='ocrx_word' id='word_1_283' title='bbox 796 3474 989 3576; x_wconf 84' lang='lat' dir='ltr'>deiectorum</span> <span class='ocrx_word' id='word_1_284' title='bbox 1009 3489 1164 3563; x_wconf 92' lang='lat' dir='ltr'>imbrium,</span> <span class='ocrx_word' id='word_1_285' title='bbox 1189 3497 1277 3550; x_wconf 86' lang='lat' dir='ltr'>tanta</span> <span class='ocrx_word' id='word_1_286' title='bbox 1294 3489 1527 3551; x_wconf 90' lang='lat' dir='ltr'>medicatorum</span> 
     </span>
     <span class='ocr_line' id='line_1_31' title="bbox 261 3594 1529 3677; baseline 0.004 -26"><span class='ocrx_word' id='word_1_287' title='bbox 261 3611 287 3652; x_wconf 88' lang='lat' dir='ltr'>ao</span> <span class='ocrx_word' id='word_1_288' title='bbox 302 3595 347 3656; x_wconf 91' lang='lat' dir='ltr'>uis</span> <span class='ocrx_word' id='word_1_289' title='bbox 371 3594 504 3656; x_wconf 90' lang='lat' dir='ltr'>sontium</span> <span class='ocrx_word' id='word_1_290' title='bbox 528 3615 591 3656; x_wconf 89' lang='lat' dir='ltr'>non</span> <span class='ocrx_word' id='word_1_291' title='bbox 615 3605 739 3657; x_wconf 88' lang='lat' dir='ltr'>mutant</span> <span class='ocrx_word' id='word_1_292' title='bbox 762 3615 909 3677; x_wconf 91' lang='lat' dir='ltr'>saporem</span> <span class='ocrx_word' id='word_1_293' title='bbox 933 3597 1035 3670; x_wconf 89' lang='lat' dir='ltr'>maris,</span> <span class='ocrx_word' id='word_1_294' title='bbox 1063 3616 1103 3656; x_wconf 91' lang='lat' dir='ltr'>ne</span> <span class='ocrx_word' id='word_1_295' title='bbox 1127 3595 1287 3656; x_wconf 90' lang='lat' dir='ltr'>remittunt</span> <span class='ocrx_word' id='word_1_296' title='bbox 1311 3595 1454 3676; x_wconf 92' lang='lat' dir='ltr'>quidem,</span> <span class='ocrx_word' id='word_1_297' title='bbox 1486 3597 1529 3657; x_wconf 90' lang='lat' dir='ltr'>ita</span> 
     </span>
     <span class='ocr_line' id='line_1_32' title="bbox 301 3701 1528 3784; baseline 0 -22"><span class='ocrx_word' id='word_1_298' title='bbox 301 3701 504 3764; x_wconf 88' lang='lat' dir='ltr'>aduersarum</span> <span class='ocrx_word' id='word_1_299' title='bbox 536 3703 658 3784; x_wconf 89' lang='lat' dir='ltr'>inpetus</span> <span class='ocrx_word' id='word_1_300' title='bbox 689 3723 793 3764; x_wconf 90' lang='lat' dir='ltr'>rerum</span> <span class='ocrx_word' id='word_1_301' title='bbox 825 3703 879 3763; x_wconf 92' lang='lat' dir='ltr'>uiri</span> <span class='ocrx_word' id='word_1_302' title='bbox 909 3701 997 3763; x_wconf 85' lang='lat' dir='ltr'>fortis</span> <span class='ocrx_word' id='word_1_303' title='bbox 1021 3722 1084 3764; x_wconf 92' lang='lat' dir='ltr'>non</span> <span class='ocrx_word' id='word_1_304' title='bbox 1108 3702 1200 3763; x_wconf 88' lang='lat' dir='ltr'>uertit</span> <span class='ocrx_word' id='word_1_305' title='bbox 1223 3702 1373 3763; x_wconf 87' lang='lat' dir='ltr'>animum.</span> <span class='ocrx_word' id='word_1_306' title='bbox 1401 3709 1528 3764; x_wconf 88' lang='lat' dir='ltr'>manet</span> 
     </span>
     <span class='ocr_line' id='line_1_33' title="bbox 301 3806 1527 3890; baseline 0.002 -21"><span class='ocrx_word' id='word_1_307' title='bbox 301 3809 446 3872; x_wconf 73' lang='lat' dir='ltr'>iri-statu</span> <span class='ocrx_word' id='word_1_308' title='bbox 477 3817 509 3870; x_wconf 87' lang='lat' dir='ltr'>et</span> <span class='ocrx_word' id='word_1_309' title='bbox 541 3810 692 3890; x_wconf 93' lang='lat' dir='ltr'>quidquid</span> <span class='ocrx_word' id='word_1_310' title='bbox 725 3809 829 3871; x_wconf 90' lang='lat' dir='ltr'>euenit</span> <span class='ocrx_word' id='word_1_311' title='bbox 863 3809 894 3870; x_wconf 94' lang='lat' dir='ltr'>in</span> <span class='ocrx_word' id='word_1_312' title='bbox 923 3828 1014 3870; x_wconf 90' lang='lat' dir='ltr'>suum</span> <span class='ocrx_word' id='word_1_313' title='bbox 1046 3807 1186 3870; x_wconf 92' lang='lat' dir='ltr'>colorem</span> <span class='ocrx_word' id='word_1_314' title='bbox 1216 3806 1319 3870; x_wconf 86' lang='lat' dir='ltr'>trahit.</span> <span class='ocrx_word' id='word_1_315' title='bbox 1365 3817 1414 3871; x_wconf 93' lang='lat' dir='ltr'>est</span> <span class='ocrx_word' id='word_1_316' title='bbox 1441 3811 1527 3871; x_wconf 89' lang='lat' dir='ltr'>enim</span> 
     </span>
    </p>
   </div>
   <div class='ocr_carea' id='block_1_3' title="bbox 301 4069 989 4166">
    <p class='ocr_par' dir='ltr' id='par_1_3' title="bbox 301 4069 989 4166">
     <span class='ocr_line' id='line_1_34' title="bbox 301 4069 989 4166; baseline -0.036 -5"><span class='ocrx_word' id='word_1_317' title='bbox 301 4093 316 4141; x_wconf 74' lang='lat'><strong>3</strong></span> <span class='ocrx_word' id='word_1_318' title='bbox 337 4092 433 4164; x_wconf 79' lang='lat' dir='ltr'>aliaque</span> <span class='ocrx_word' id='word_1_319' title='bbox 452 4090 510 4166; x_wconf 52' lang='lat' dir='ltr'>cod,</span> <span class='ocrx_word' id='word_1_320' title='bbox 526 4099 549 4141; x_wconf 89' lang='lat' dir='ltr'>et</span> <span class='ocrx_word' id='word_1_321' title='bbox 569 4091 617 4140; x_wconf 86' lang='lat' dir='ltr'>alia</span> <span class='ocrx_word' id='word_1_322' title='bbox 633 4089 716 4160; x_wconf 71' lang='lat' dir='ltr'>urrlqo</span> <span class='ocrx_word' id='word_1_323' title='bbox 801 4091 816 4140; x_wconf 80' lang='lat' dir='ltr'>b</span> <span class='ocrx_word' id='word_1_324' title='bbox 836 4091 921 4140; x_wconf 86' lang='lat' dir='ltr'>alienis</span> <span class='ocrx_word' id='word_1_325' title='bbox 934 4069 989 4111; x_wconf 80' lang='lat' dir='ltr'>locis</span> 
     </span>
    </p>
   </div>
   <div class='ocr_carea' id='block_1_4' title="bbox 390 4189 1424 4298">
    <p class='ocr_par' dir='ltr' id='par_1_4' title="bbox 390 4189 1424 4298">
     <span class='ocr_line' id='line_1_35' title="bbox 773 4189 796 4216; baseline 0 0"><span class='ocrx_word' id='word_1_326' title='bbox 773 4189 796 4216; x_wconf 67' lang='lat' dir='ltr'>re</span> 
     </span>
     <span class='ocr_line' id='line_1_36' title="bbox 390 4230 1424 4298; baseline 0.003 -17"><span class='ocrx_word' id='word_1_327' title='bbox 390 4234 433 4282; x_wconf 87' lang='lat' dir='ltr'>sed</span> <span class='ocrx_word' id='word_1_328' title='bbox 459 4234 565 4296; x_wconf 89' lang='lat' dir='ltr'>quereris</span> <span class='ocrx_word' id='word_1_329' title='bbox 586 4231 641 4284; x_wconf 59' lang='grc' dir='ltr'>Εἲς</span> <span class='ocrx_word' id='word_1_330' title='bbox 673 4233 715 4282; x_wconf 90' lang='lat' dir='ltr'>sed</span> <span class='ocrx_word' id='word_1_331' title='bbox 739 4233 819 4297; x_wconf 89' lang='lat' dir='ltr'>queris</span> <span class='ocrx_word' id='word_1_332' title='bbox 928 4231 960 4283; x_wconf 81' lang='lat'>15</span> <span class='ocrx_word' id='word_1_333' title='bbox 984 4231 1031 4280; x_wconf 89' lang='lat' dir='ltr'>diis</span> <span class='ocrx_word' id='word_1_334' title='bbox 1060 4233 1174 4282; x_wconf 87' lang='lat' dir='ltr'>aduersus</span> <span class='ocrx_word' id='word_1_335' title='bbox 1199 4232 1236 4298; x_wconf 94' lang='lat' dir='ltr'>(us</span> <span class='ocrx_word' id='word_1_336' title='bbox 1260 4230 1288 4284; x_wconf 79' lang='lat' dir='ltr'>in</span> <span class='ocrx_word' id='word_1_337' title='bbox 1313 4232 1424 4298; x_wconf 69' lang='lat' dir='ltr'>rasura)</span> 
     </span>
    </p>
   </div>
   <div class='ocr_carea' id='block_1_5' title="bbox 304 4319 1529 4385">
    <p class='ocr_par' dir='ltr' id='par_1_5' title="bbox 304 4319 1529 4385">
     <span class='ocr_line' id='line_1_37' title="bbox 304 4319 1529 4385; baseline -0.002 -14"><span class='ocrx_word' id='word_1_338' title='bbox 304 4320 335 4372; x_wconf 75' lang='lat' dir='ltr'>1ss</span> <span class='ocrx_word' id='word_1_339' title='bbox 354 4337 459 4385; x_wconf 87' lang='lat' dir='ltr'>unquam</span> <span class='ocrx_word' id='word_1_340' title='bbox 537 4321 569 4373; x_wconf 64' lang='lat' dir='ltr'>ti</span> <span class='ocrx_word' id='word_1_341' title='bbox 589 4323 712 4373; x_wconf 87' lang='lat' dir='ltr'>amicitia.</span> <span class='ocrx_word' id='word_1_342' title='bbox 728 4327 762 4370; x_wconf 87' lang='lat' dir='ltr'>est</span> <span class='ocrx_word' id='word_1_343' title='bbox 831 4320 864 4371; x_wconf 77' lang='lat'>19</span> <span class='ocrx_word' id='word_1_344' title='bbox 884 4321 948 4370; x_wconf 89' lang='lat' dir='ltr'>adeo</span> <span class='ocrx_word' id='word_1_345' title='bbox 1019 4321 1165 4385; x_wconf 87' lang='lat' dir='ltr'>emulatorq;</span> <span class='ocrx_word' id='word_1_346' title='bbox 1234 4319 1266 4372; x_wconf 79' lang='lat'>21</span> <span class='ocrx_word' id='word_1_347' title='bbox 1281 4321 1316 4369; x_wconf 91' lang='lat' dir='ltr'>sic</span> <span class='ocrx_word' id='word_1_348' title='bbox 1328 4327 1353 4370; x_wconf 86' lang='lat' dir='ltr'>ut</span> <span class='ocrx_word' id='word_1_349' title='bbox 1426 4321 1460 4373; x_wconf 82' lang='lat'>22</span> <span class='ocrx_word' id='word_1_350' title='bbox 1481 4323 1529 4370; x_wconf 78' lang='lat' dir='ltr'>diis</span> 
     </span>
    </p>
   </div>
   <div class='ocr_carea' id='block_1_6' title="bbox 1082 4089 1527 4158">
    <p class='ocr_par' dir='ltr' id='par_1_6' title="bbox 1082 4089 1527 4158">
     <span class='ocr_line' id='line_1_38' title="bbox 1082 4089 1527 4158; baseline -0.007 -15"><span class='ocrx_word' id='word_1_351' title='bbox 1082 4090 1098 4143; x_wconf 75' lang='grc'>7</span> <span class='ocrx_word' id='word_1_352' title='bbox 1118 4091 1287 4158; x_wconf 57' lang='lat' dir='ltr'>exsilientium*</span> <span class='ocrx_word' id='word_1_353' title='bbox 1367 4089 1398 4141; x_wconf 78' lang='lat' dir='ltr'>lt</span> <span class='ocrx_word' id='word_1_354' title='bbox 1418 4098 1443 4140; x_wconf 89' lang='lat' dir='ltr'>tu</span> <span class='ocrx_word' id='word_1_355' title='bbox 1454 4107 1527 4140; x_wconf 65' lang='lat' dir='ltr'>*non</span> 
     </span>
    </p>
   </div>
   <div class='ocr_carea' id='block_1_7' title="bbox 371 4420 1525 4534">
    <p class='ocr_par' dir='ltr' id='par_1_7' title="bbox 371 4420 1525 4534">
     <span class='ocr_line' id='line_1_39' title="bbox 371 4420 1525 4534; baseline 0 -22"><span class='ocrx_word' id='word_1_356' title='bbox 371 4463 500 4512; x_wconf 85' lang='lat' dir='ltr'>escendere</span> <span class='ocrx_word' id='word_1_357' title='bbox 511 4459 694 4534; x_wconf 76' lang='lat' dir='ltr'>Bonqarsius:</span> <span class='ocrx_word' id='word_1_358' title='bbox 711 4420 826 4511; x_wconf 69' lang='lat' dir='ltr'>excellere</span> <span class='ocrx_word' id='word_1_359' title='bbox 865 4459 914 4514; x_wconf 66' lang='lat'>27</span> <span class='ocrx_word' id='word_1_360' title='bbox 927 4462 1003 4511; x_wconf 90' lang='lat' dir='ltr'>nichil</span> <span class='ocrx_word' id='word_1_361' title='bbox 1058 4460 1092 4512; x_wconf 74' lang='lat'>28</span> <span class='ocrx_word' id='word_1_362' title='bbox 1106 4463 1298 4526; x_wconf 64' lang='lat' dir='ltr'>quemamodum</span> <span class='ocrx_word' id='word_1_363' title='bbox 1359 4462 1525 4528; x_wconf 70' lang='lat' dir='ltr'>3&#39;2quicquid</span> 
     </span>
    </p>
   </div>
   <div class='ocr_carea' id='block_1_8' title="bbox 0 0 1641 5332">
    <p class='ocr_par' dir='ltr' id='par_1_8' title="bbox 0 0 1641 5332">
     <span class='ocr_line' id='line_1_40' title="bbox 0 0 1641 5332; baseline 0 0"><span class='ocrx_word' id='word_1_364' title='bbox 0 0 1641 5332; x_wconf 95' lang='lat' dir='ltr'> </span> 
     </span>
    </p>
   </div>
   <div class='ocr_carea' id='block_1_9' title="bbox 1621 4337 1623 4430">
    <p class='ocr_par' dir='ltr' id='par_1_9' title="bbox 1621 4295 1623 4430">
     <span class='ocr_line' id='line_1_41' title="bbox 1621 4337 1623 4430; baseline 0 0"><span class='ocrx_word' id='word_1_365' title='bbox 1621 4337 1623 4430; x_wconf 82' lang='lat' dir='ltr'>l</span> 
     </span>
    </p>
   </div>
  </div>
 </body>
</html>
