3184 5318
296 365 357 428 142
510 361 642 404 ornavi.
673 361 870 402 nuntaxcmtt
888 361 926 402 DE
940 361 1182 403 CONSOLATiONE.
1213 363 1244 404 ts.
1263 363 1293 403 tit.

291 503 430 589 lapidum
475 524 736 588 gemmarumque
780 506 882 586 fulgor
920 517 951 568 et
990 507 1069 568 inter
1107 507 1288 589 rapidorum
1328 505 1506 568 torrentium

292 613 425 675 harenas
449 633 558 676 aurum
580 613 758 675 interfluens
781 622 813 676 et
837 614 865 674 in
891 615 1002 675 mediis
1025 613 1115 675 terris
1132 615 1301 694 medioque
1317 633 1424 674 rursus
1441 614 1507 674 mari

292 718 459 782 aethereae
489 721 606 802 ignium
638 720 720 782 faces
752 731 784 782 et
813 720 967 783 uinculum
992 731 1144 782 terrarum
1168 740 1321 794 oceanus,
1351 720 1507 783 continua-

292 827 411 888 tionem
435 827 574 907 gentium
598 827 707 909 triplici
732 827 798 888 sinu
822 828 967 890 scindens
983 837 1015 890 et
1031 828 1149 908 ingenti
1165 826 1288 888 licentia
1304 830 1507 888 exaestuans?

266 931 414 994 suidebis
445 932 496 996 hic
526 935 667 1015 inquietis
698 943 730 996 et
760 935 826 996 sine
854 945 951 997 uento
975 933 1195 998 fluctuantibus
1218 934 1306 1013 aquis
1329 909 1435 994 innare
1462 940 1534 993 exi

293 1039 417 1100 cedenti
448 1049 571 1102 terrena
602 1042 817 1122 magnitudine
848 1040 1008 1115 animalia,
1039 1042 1195 1122 quaedam
1228 1040 1335 1120 grauia
1358 1048 1390 1102 et
1414 1038 1509 1100 alieno

292 1166 326 1206 se
358 1147 538 1226 magisterio
570 1149 745 1222 mouentia,
777 1147 934 1230 quaedam
959 1147 1079 1210 uelocia
1102 1157 1134 1210 et
1158 1148 1320 1210 concitatis
1342 1147 1510 1229 perniciora

292 1253 444 1332 remigiiS,
483 1255 639 1334 quaedam
678 1255 850 1317 haurientia
881 1255 980 1317 undas
1012 1264 1044 1318 et
1075 1273 1194 1334 magno
1224 1255 1509 1337 praenauigantium

291 1357 430 1440 periculo
469 1359 613 1421 efflantia.
660 1359 781 1423 uidebis
819 1362 869 1424 hic
904 1363 1027 1442 nauigia
1061 1383 1138 1443 quas
1174 1381 1238 1422 non
1269 1381 1388 1424 nouere
1419 1371 1509 1423 terras

252 1481 278 1525 ru
291 1467 479 1547 quaerentia
527 1467 648 1529 uidebis
679 1467 751 1530 nihil
781 1469 937 1530 humanae
961 1469 1110 1530 audaciae
1141 1470 1364 1550 intemptatum
1396 1468 1509 1548 erisque

292 1581 324 1634 et
354 1582 514 1654 spectator
547 1582 579 1635 et
610 1575 676 1656 ipse
706 1596 778 1656 pars
810 1595 925 1656 magna
956 1578 1145 1637 conantium.
1192 1576 1293 1636 disces
1324 1574 1509 1655 docebisque

291 1689 390 1754 arte5‚
422 1679 497 1742 alias
529 1659 611 1762 quae
640 1683 750 1743 uitam·
769 1683 936 1755 instruant,
968 1681 1043 1745 alias
1073 1703 1154 1764 quae
1178 1690 1307 1756 ornent,
1338 1680 1415 1742 alias
1438 1701 1510 1761 quae

292 1797 412 1867 regant.
457 1789 514 1849 sed
538 1788 605 1850 istic
629 1797 719 1850 erunt
743 1788 825 1850 mille
848 1771 1027 1870 corporum,
1051 1790 1226 1850 animorum
1247 1797 1362 1869 pesteS,
1387 1797 1420 1850 et
1437 1787 1536 1849 beliat

293 1903 325 1956 et
356 1892 518 1955 latrocinia
545 1903 577 1956 et
600 1915 722 1955 uenena
745 1905 776 1957 et
800 1885 960 1975 naufragia
983 1904 1014 1956 et
1038 1896 1239 1976 intemperies
1262 1894 1338 1956 caeli
1362 1895 1508 1976 corporis-

254 2010 410 2079 laqueet
434 2001 663 2062 carissimorum
687 2002 802 2064 acerba
825 2002 979 2065 desideria
1003 2010 1035 2064 et
1059 2022 1157 2076 mors,
1182 2002 1334 2064 incertum
1360 2000 1455 2062 facilis
1476 1989 1515 2061 an¹

292 2127 349 2188 per
371 2127 508 2187 poenam
533 2109 782 2190 cruciatumque:
809 2107 948 2170 delibera
971 2119 1075 2171 tecum
1100 2117 1132 2170 et
1148 2110 1318 2189 perpende,
1342 2108 1418 2189 quid
1436 2106 1509 2168 uelis.

292 2222 327 2274 ut
358 2213 399 2274 ad
430 2212 481 2275 ilia
503 2216 626 2288 ueniaS,
657 2235 713 2294 per
743 2214 795 2278 illa
827 2217 1008 2276 exeundum
1033 2223 1088 2276 est.
1136 2213 1343 2295 respondebis
1376 2213 1455 2276 uelle
1482 2223 1510 2273 te

293 2321 418 2381 uiuere?
449 2319 575 2401 quidni?
607 2321 721 2395 immo,
745 2331 837 2402 put0,
860 2323 901 2384 ad
926 2322 957 2383 id
981 2341 1044 2382 non
1068 2323 1210 2396 accedes,
1234 2341 1275 2382 ex
1299 2341 1364 2402 quo
1388 2321 1442 2383 tibi
1464 2318 1510 2380 ali·
1584 2385 1585 2438 p

293 2427 367 2505 quid
400 2428 503 2488 decuti
535 2426 632 2489 doles
687 2429 757 2490 uiue
788 2449 866 2509 ergo
890 2436 932 2489 'ut
960 2429 1115 2490 conuenit.
1169 2448 1280 2502 nem0,
1311 2428 1428 2508 inquis,
1459 2415 1510 2487 ios

252 2551 279 2591 ro
294 2532 455 2594 consuluit.
502 2533 636 2596 consulti
666 2544 737 2596 sunt
769 2538 809 2596 de
840 2535 932 2596 nobis
956 2544 1103 2616 parentes
1126 2535 1242 2608 nostri,
1271 2537 1324 2616 qui
1348 2554 1420 2595 cum
1443 2553 1508 2594 con·

294 2640 449 2702 dicionem
473 2643 555 2703 uitae
579 2651 717 2716 nossent,
741 2643 770 2703 in
794 2623 875 2705 hahc
898 2663 956 2703 nos
980 2642 1178 2704 sustulerunt.
1224 2705 1227 2711 ,
1301 2692 1310 2712 .
1404 2667 1406 2674 ·

383 2747 468 2808 XIX.
501 2747 566 2810 Sed
590 2757 624 2810 ut
647 2750 689 2810 ad
712 2749 828 2811 solacia
851 2751 983 2823 ueniam,
1007 2749 1080 2810 uide
1096 2749 1136 2811 sis
1159 2750 1296 2830 primum
1313 2749 1389 2829 quid
1410 2749 1537 2809 curan-l

294 2856 370 2916 dum
395 2855 441 2928 sit,
465 2856 580 2917 deinde
603 2857 884 2937 quemadmodum.
921 2864 1031 2918 mouet
1053 2854 1216 2936 lugentem
1240 2855 1430 2917 desiderium
1451 2855 1510 2914 eius

293 2981 388 3042 quem
420 2959 540 3024 dilexit.
586 2962 618 3024 id
648 2983 705 3044 per
735 2983 770 3024 se
785 2961 955 3043 ¹tolerabile
987 2983 1055 3024 esse
1079 2970 1218 3044 apparet.
1265 2962 1406 3025 absentis
1435 2961 1510 3022 enim

295 3189 311 3240 2
330 3190 435 3239 harenas
454 3207 538 3240 aurum
554 3189 650 3245 Curio:
672 3209 756 3242 aurum
768 3194 867 3244 harenis
886 3190 945 3246 cod.
966 3208 1053 3263 quare
1071 3209 1154 3242 aurum
1173 3194 1280 3242 harenas
1295 3189 1378 3245 Gertz
1395 3188 1512 3261 praefert

442 3290 449 3316 l

385 3333 463 3382 medis
559 3334 722 3386 3aethereae
740 3333 850 3405 Haupt:
871 3341 949 3384 terrae
969 3334 1008 3402 (in
1027 3337 1114 3400 rua),
1186 3336 1397 3384 continuationem
1416 3330 1509 3400 Neap:

296 3458 447 3507 continuatio
467 3455 525 3510 cod.
543 3454 621 3524 falsa
640 3463 737 3511 narrat
755 3456 868 3511 Fickert
969 3459 985 3512 4
1005 3436 1115 3523 exestuans
1219 3460 1233 3510 ἴ)
1253 3460 1295 3508 hic
1315 3473 1387 3510 unus
1405 3454 1510 3510 deterio-

296 3559 372 3597 rum:
399 3546 437 3593 his
552 3549 635 3596 innare
660 3546 723 3599 olim
748 3533 916 3601 correctum:
950 3550 1028 3596 innati
1137 3548 1262 3597 excedenti
1287 3553 1383 3597 terrena
1412 3541 1512 3613 Lipsius
1582 3533 1583 3572 i

297 3633 428 3699 (terrestria
444 3631 624 3701 Grortour'us):
646 3643 670 3685 et
688 3638 813 3686 excedenti
833 3639 946 3685 terrentia
1032 3637 1046 3689 7
1067 3638 1192 3686 mouentia
1207 3633 1372 3689 deteriores:
1388 3632 1512 3684 mouentita

403 3725 419 3774 8
444 3721 734 3788 remigiisdeteriores:
755 3726 856 3789 remigis
962 3727 1098 3776 haurientia
1118 3723 1283 3778 deteriores:
1306 3726 1415 3774 aurentia

299 3809 332 3862 10
356 3813 480 3876 querentia
582 3812 658 3861 nichil
764 3816 935 3878 intemptatum
961 3811 1124 3868 deteriores:
1153 3815 1299 3880 intemptato
1325 3814 1408 3878 (corr.
1431 3810 1454 3863 rit
1479 3811 1512 3858 in·

297 3933 441 4001 temptatae)
531 3935 559 3986 il
580 3943 602 3984 et
615 3943 738 4000 spectator
752 3935 876 4006 Lr'pmus:
892 3939 914 3988 ei
926 3945 1051 4001 spectator
1135 3954 1192 4003 pars
1205 3936 1372 3991 deteriores:
1393 3912 1432 4002 par

298 4022 331 4074 13
345 4023 399 4072 istic
413 4021 436 4091 (c
449 4038 464 4075 a
477 4023 561 4090 corr.)
641 4040 781 4088 corporum,
795 4028 933 4075 animorum
944 4023 1038 4094 fulcro
1052 4042 1132 4094 eqere
1144 4041 1198 4080 non
1206 4031 1277 4096 puto
1359 4026 1390 4076 ti
1403 4026 1511 4074 incertum

298 4111 361 4164 olim
380 4115 546 4165 correctum:
574 4113 677 4161 incertus
772 4113 803 4165 tti
822 4131 911 4179 penam
1008 4114 1037 4167 18
1055 4116 1157 4180 quidni?
1178 4117 1270 4187 immo,
1290 4123 1358 4180 puto,
1378 4115 1408 4162 ad
1425 4113 1447 4160 id
1465 4125 1511 4159 non
1581 4087 1582 4124 i

298 4201 421 4250 haesitans
447 4198 551 4270 (possis
574 4198 654 4252 etiam
674 4201 758 4266 inuita)
778 4204 881 4252 accedes
902 4201 999 4264 Gertz,
1024 4203 1073 4273 qui
1089 4203 1250 4257 sententiam
1270 4209 1344 4257 recte
1356 4197 1508 4272 perperim

299 4290 382 4351 quidni
402 4290 514 4338 inmerito
534 4288 566 4336 ad
586 4287 611 4336 id
630 4304 679 4337 non
699 4290 804 4338 accedas
822 4290 878 4356 ipse
897 4291 1002 4344 comedi
1102 4290 1135 4343 20
1161 4293 1265 4342 consulti
1284 4298 1338 4342 sunt
1357 4287 1507 4344 deteriores:

299 4377 402 4425 consulit
415 4379 434 4426 is
452 4385 506 4426 sunt
578 4385 634 4425 cum
653 4374 817 4430 deteriores:
839 4387 894 4428 tunc
973 4381 1003 4432 21
1026 4382 1051 4429 in
1070 4383 1135 4430 hanc
1155 4379 1320 4434 deteriores:
1343 4398 1372 4430 an
1385 4381 1442 4428 hunc

300 4461 334 4513 22
352 4463 408 4513 uide
426 4465 458 4514 sis
479 4462 575 4518 Gertz:
596 4465 700 4514 uideatis
789 4466 823 4518 24
842 4475 944 4536 apparet
963 4465 1112 4524 Erasmus:
1135 4475 1255 4538 appareat
