3184 5318
394 355 546 400 blabvnl.
573 357 615 398 AD
631 356 773 400 SERENVM
788 357 829 399 DE
844 355 925 401 OTIO.
954 331 977 400 s]
1232 365 1289 426 191

89 503 206 577 interest,
229 503 396 584 quomodo
419 504 543 585 sapiens
567 504 609 567 ad
632 503 732 568 otium
757 503 873 579 ueniat,
897 513 1000 568 utrum
1024 505 1098 585 quia
1120 503 1297 586 respublica

88 610 119 672 illi
139 613 232 686 deest,
256 631 295 674 an
319 611 392 692 quia
416 611 482 694 ipse
506 611 713 694 reipublicae?
751 612 776 674 si
800 611 946 674 omnibus
962 609 1106 674 defutura
1122 611 1297 695 respublica
1378 629 1381 636 ·

87 727 126 780 est
156 722 292 800 (semper
315 729 422 782 autem
447 719 546 782 deerit
570 717 731 782 fastidiose
755 717 1009 800 quaerentibus):
1043 719 1221 800 interrogo,
1254 720 1295 780 ad

85 845 166 907 quam
196 824 422 908 rempublicam
453 829 577 907 sapiens
607 826 647 889 sit
678 845 866 888 accessurus.
913 826 954 888 ad
977 823 1234 898 Atheniensium,
1265 825 1295 886 in

85 953 138 1014 qua
157 929 301 994 Socrates
326 934 508 1008 damnatur,
533 930 740 1007 AristoteleS,
772 951 811 993 ne
835 933 1019 1007 damnetur,
1050 931 1149 1014 sugit?
1180 932 1210 993 in
1234 945 1323 1014 quat

85 1040 219 1120 opprimit
248 1039 363 1101 inuidia
387 1039 537 1103 uirtutes?
568 1037 699 1120 negabis
723 1037 798 1100 mihi
821 1059 1018 1102 accessurum
1044 1041 1084 1101 ad
1108 1038 1190 1101 hanc
1213 1058 1294 1102 rem-

57 1159 68 1208 l
84 1145 228 1227 publicam
244 1147 428 1226 sapientem.
461 1147 502 1208 ad
514 1143 817 1228 Carthaginiensium
835 1165 912 1226 ergo
929 1145 1156 1228 rempublicam
1171 1146 1296 1226 sapiens

83 1253 215 1327 accedet,
246 1252 277 1313 in
310 1271 373 1332 qua
403 1253 536 1316 adsidua
560 1253 673 1314 seditio
698 1261 729 1314 et
753 1251 876 1334 optimo
900 1255 1013 1334 cuique
1034 1251 1146 1330 infesta
1168 1251 1296 1314 libertas

83 1366 138 1442 est,
167 1379 290 1422 summa
313 1360 405 1440 aequi
428 1379 464 1421 ac
488 1359 564 1421 boni
588 1359 704 1434 uilitaS,
729 1360 879 1422 aduersus
902 1357 1011 1422 hostes
1035 1357 1205 1440 irtimana
1228 1377 1294 1421 cru-

55 1463 191 1540 ldelitas,
214 1467 308 1529 etiam
333 1469 483 1530 aduersus
506 1487 580 1528 suos
604 1465 743 1532 hostilis?
772 1476 804 1529 et
819 1467 901 1532 hanc
917 1465 1022 1550 fugiet.
1069 1469 1094 1529 si
1110 1485 1296 1549 percensere
1311 1477 1335 1518 ¹⁰

81 1571 206 1652 singulas
226 1573 366 1649 uoluer0,
390 1572 506 1636 nullam
522 1574 687 1649 inueniam,
704 1593 785 1654 quae
801 1575 974 1654 sapientem
990 1583 1044 1637 aut
1060 1593 1155 1656 quam
1171 1573 1315 1653 sapiens·

9 1751 10 1754 Ἴ
82 1679 138 1759 pati
152 1679 258 1761 possit.
283 1680 396 1761 quodsi
412 1701 476 1742 non
493 1681 648 1742 inuenitur
663 1679 713 1742 illa
729 1679 913 1761 respublica,
925 1700 1022 1762 quam
1035 1680 1127 1742 nobis
1140 1679 1296 1761 fingimus,

82 1787 176 1866 incipit
198 1786 345 1849 omnibus
369 1806 438 1850 esse
461 1789 560 1850 otium
584 1789 801 1864 necessarium,
825 1789 898 1870 quia
920 1787 1005 1871 quod
1029 1809 1125 1850 unum
1149 1785 1296 1869 praeferri

54 1900 195 1974 lpoterat
225 1895 310 1968 otio,
342 1913 494 1975 nusquam
524 1903 579 1956 est.
626 1896 651 1956 si
674 1896 742 1976 quis
766 1895 842 1957 dicit
866 1897 1022 1976 optimum
1047 1915 1116 1958 esse
1139 1897 1296 1976 nauigare,

80 1999 185 2062 deinde
208 2010 304 2081 negat
328 1999 540 2082 nauigandum
564 2003 594 2063 in
619 2021 658 2063 eo
683 2003 768 2076 mari,
792 2003 902 2080 inquo
918 2001 1079 2082 naufragia
1093 2000 1158 2064 fieri
1174 2001 1297 2064 soleant
1312 2011 1336 2052 ¹⁵

80 2115 105 2168 et
126 2107 302 2188 frequenter
325 2107 447 2170 subitae
469 2115 678 2190 tempestates
694 2109 763 2185 sint,
787 2128 869 2189 quae
884 2117 1041 2171 rectorem
1058 2111 1088 2171 in
1104 2109 1295 2171 contrarium

79 2215 207 2306 rapiant:
241 2221 321 2295 puto
352 2213 402 2276 hic
426 2233 477 2276 me
502 2223 588 2278 uetat
612 2233 726 2278 nauem
757 2214 896 2290 soluere,
928 2235 999 2278 cum
1030 2215 1138 2278 laudet
1169 2217 1294 2294 nauiga-

81 2319 258 2382 tionemf*

84 2551 198 2621 lres.l3.
290 2553 407 2621 2rel.l’.
480 2569 594 2618 omnibus
614 2569 634 2635 (s
650 2567 713 2638 [erc
730 2567 828 2638 deleta)
902 2571 1011 2620 defutura
1031 2567 1197 2624 deteriores:
1219 2569 1297 2620 lutura

169 2659 258 2728 resffi.
351 2673 539 2740 3querenlibus
612 2675 776 2728 odamnernr
791 2673 888 2730 Gertz:
911 2679 1066 2726 damnaretur
1157 2675 1296 2728 &accedet

82 2759 236 2816 deteriores:
258 2765 355 2814 accedit
457 2765 547 2829 cuim*
573 2765 610 2832 (in
630 2767 697 2829 ras.)
791 2765 818 2817 11
842 2767 949 2830 singulas
969 2765 990 2832 (s
1005 2763 1069 2833 sere
1088 2763 1188 2833 deleta)

84 2851 108 2904 ,ll
124 2869 176 2904 cum
199 2854 281 2904 laudet
303 2851 357 2906 El:
379 2869 450 2918 quam
471 2854 551 2904 laudet
