3234 5336
417 323 573 368 necloaur
592 327 655 368 CVM
675 325 880 368 PROVlDENTlA
899 327 953 370 SlT.
973 325 1014 370 111.
1265 379 1270 394 ¹
1311 333 1329 393 7

77 472 152 534 lille
178 470 230 553 qui
261 471 368 552 legem
394 471 572 536 Corneliam
596 470 673 537 tulit.
724 471 885 536 ueniamus
909 474 951 536 ad
974 473 1152 554 Regulum:
1187 473 1263 555 quid
1288 473 1329 536 illi

104 577 224 640 fortuna
248 578 364 653 nocuit,
388 581 476 660 quod
499 577 584 641 illum
609 580 837 642 documentum
854 578 935 655 fidei,
960 581 1187 642 documentum
1209 579 1328 661 patien-

104 685 159 746 tiae
194 682 284 746 fecit?
336 683 437 764 figunt
472 693 576 746 cutem
609 685 686 747 claui
718 695 750 748 et
783 704 985 766 quocumque
1017 685 1182 766 fatigatum
1216 706 1329 768 corpus

105 791 275 866 reclinauit,
307 790 427 854 uolneri
458 791 624 866 incumbit,
657 792 686 853 in
710 799 896 873 perpetuam
921 791 1057 872 uigiliam
1081 811 1233 874 suspensa
1256 801 1328 856 sunt

104 897 230 960 lumina:
273 906 394 978 quanto
424 895 494 979 plus
526 899 676 961 tormenti
707 907 797 961 tanto
829 897 899 982 plus
923 898 986 960 ‘erit
1009 897 1135 978 gloriae.
1183 900 1228 962 uis
1251 900 1329 962 scire
1357 921 1369 962 s

104 1023 193 1085 quam
227 1023 292 1065 non
316 1004 474 1084 paeniteat
499 1003 561 1066 hoc
584 1004 685 1084 pretio
709 1005 892 1066 aestimasse
918 1005 1083 1068 uirtutem?
1123 1004 1220 1085 relige
1242 1004 1327 1068 illum

65 1119 89 1171 10
106 1119 133 1172 et
156 1110 247 1173 mitte
279 1110 309 1170 in
333 1119 495 1172 senatum:
535 1111 669 1186 eandem
697 1110 885 1174 sententiam
910 1111 1003 1173 dicet.
1057 1109 1225 1174 feliciorem
1251 1133 1328 1194 ergo

104 1227 132 1278 tu
163 1217 386 1278 Maecenatem
426 1223 531 1296 putaS,
571 1217 619 1278 cui
650 1217 810 1280 amoribus
841 1217 937 1279 anxio
978 1226 1010 1279 et
1043 1237 1189 1280 morosae
1219 1219 1328 1280 uxoris

103 1323 257 1386 cotidiana
288 1323 420 1403 repudia
451 1321 579 1385 deflenti
602 1343 733 1386 somnus
757 1343 814 1404 per
837 1322 1099 1405 symphoniarum
1132 1332 1259 1386 cantum
1284 1345 1326 1388 ex

104 1429 272 1510 longinquo
309 1427 380 1490 lene
411 1429 622 1492 resonantium
655 1430 834 1510 quaeritur?
875 1449 963 1492 mero
994 1451 1028 1492 se
1059 1429 1130 1492 licet
1160 1430 1263 1512 sopiat
1294 1441 1366 1494 etro

103 1553 248 1616 aquarum
282 1534 459 1616 fragoribus
489 1545 603 1598 auocet
631 1544 663 1598 et
687 1534 770 1598 mille
795 1535 1007 1618 uoluptatibus
1034 1547 1173 1598 mentem
1197 1537 1325 1600 anxiam

103 1641 189 1718 fallat,
214 1650 282 1703 tam
308 1639 450 1722 uigilabit
473 1641 503 1702 in
526 1641 635 1723 pluma
657 1661 752 1722 quam
778 1641 827 1703 ille
850 1642 881 1704 in
898 1663 998 1706 cruce.
1045 1643 1103 1705 sed
1119 1642 1158 1704 illi
1175 1642 1326 1705 solacium

103 1757 144 1810 est
173 1769 235 1829 pro
268 1747 405 1810 honesto
437 1747 515 1810 dura
542 1745 678 1810 tolerare
709 1755 740 1810 et
764 1749 806 1810 ad
828 1767 956 1812 causam
980 1769 999 1810 a
1022 1749 1170 1830 patientia
1193 1749 1326 1831 respicit,

103 1853 178 1916 hunc
211 1852 429 1934 uoluptatibus
462 1853 635 1916 marcidum
659 1864 691 1917 et
714 1853 860 1918 felicitate
884 1854 978 1917 nimia
1001 1854 1199 1918 laborantem
1225 1856 1326 1936 magis

67 1965 87 2016 ll
103 1959 243 2042 hisquae
259 1960 376 2041 patitur
392 1967 488 2022 uexat
504 1979 599 2022 causa
614 1960 762 2042 patiendi.
801 1981 864 2023 non
882 1981 980 2042 usque
997 1981 1036 2024 eo
1053 1962 1082 2022 in
1092 1963 1325 2043 possessionem
1343 1983 1365 2022 rs

103 2067 219 2146 generis
251 2065 380 2128 humani
412 2066 485 2128 uitia
515 2075 687 2142 uenerunt,
718 2075 752 2128 ut
784 2067 914 2129 dubium
945 2069 1000 2142 sit,
1032 2088 1071 2130 an
1096 2067 1248 2130 electione
1272 2067 1326 2130 fati

103 2174 171 2235 data
200 2171 424 2254 plures-nasci
454 2171 568 2252 Reguli
598 2191 699 2280 quam
728 2172 929 2235 Maecenates
961 2172 1065 2234 uelint.
1116 2183 1170 2236 aut
1201 2175 1226 2236 si
1256 2175 1325 2256 quis

90 2278 201 2366 fuerit,
238 2279 292 2359 qui
323 2277 439 2340 audeat
471 2279 574 2341 dicere
605 2278 824 2342 Maecenatem
855 2299 889 2341 se
920 2299 1016 2360 quam
1048 2279 1207 2360 Regulum
1239 2281 1324 2344 nasci

66 2387 89 2440 12
104 2385 250 2462 maluisse,
274 2387 360 2450 idem
384 2386 450 2461 iste,
474 2395 578 2450 taceat
601 2386 681 2462 licet,
705 2388 790 2448 nasci
814 2407 848 2449 se
871 2386 1052 2450 Terentiam
1077 2386 1194 2449 maluit.
1241 2387 1323 2450 male

103 2501 264 2556 tractatum
288 2491 456 2556 Socratem
480 2493 606 2568 indicae,
630 2494 718 2574 quod
742 2493 826 2556 illam
850 2493 1014 2575 potionem
1041 2493 1164 2574 publice
1189 2494 1323 2556 mixtam
1339 2513 1364 2552 n

104 2619 159 2660 non
183 2598 273 2662 aliter
296 2619 392 2681 quam
417 2599 683 2662 medicamentum
707 2599 938 2689 inmortalitatis
961 2600 1099 2662 obduxit
1115 2609 1147 2662 et
1163 2599 1203 2660 de
1220 2608 1323 2662 morte

104 2705 267 2786 disputauit
291 2725 391 2787 usqne
414 2705 455 2767 ad
478 2707 599 2787 ipsam?
632 2704 714 2768 male
738 2726 812 2778 cum,
825 2703 879 2790 illo
896 2715 1001 2769 actum
1018 2714 1074 2781 est,
1098 2705 1184 2786 quod
1200 2704 1323 2786 gelatus

104 2819 145 2874 est
171 2813 298 2892 sanguis
329 2830 367 2874 ac
398 2809 548 2893 paulatim
579 2811 694 2894 frigore
718 2811 847 2874 inducto
871 2831 1021 2874 uenarum
1052 2812 1142 2892 uigor
1165 2812 1322 2874 constitit?

67 2918 88 2970 ll
105 2927 216 2996 quanto
251 2919 354 3000 magis
391 2918 463 2980 huic
500 2917 704 2981 inuidendum
741 2927 789 2980 est
824 2937 920 3000 quam
956 2917 1012 2980 illis
1043 2917 1156 2999 quibus
1194 2935 1323 2996 gemma

105 3023 303 3100 ministratur,
334 3024 448 3105 quibus
480 3023 626 3086 exoletus
657 3025 764 3087 omnia
786 3025 852 3106 pati
875 3026 989 3088 doctus
1016 3034 1149 3088 exectae
1173 3023 1323 3088 uirilitatis
1338 3043 1363 3082 n
1450 3011 1454 3019 ’

105 3138 152 3192 aut
182 3131 297 3194 dubiae
328 3151 513 3213 suspensam
545 3150 632 3193 auro
653 3132 757 3193 niuem
791 3130 898 3193 diluit?
937 3131 968 3193 hi
997 3131 1150 3212 quidquid
1177 3132 1325 3195 biberunt

105 3238 217 3300 uomitu
255 3237 460 3300 remetientur
499 3238 603 3300 tristes
642 3247 674 3300 et
706 3237 800 3300 bilem
832 3259 922 3300 suam
959 3245 1174 3319 regustantes,
1212 3246 1245 3299 at
1274 3237 1324 3300 ille

68 3341 89 3392 ll
106 3363 253 3406 uenenum
277 3343 378 3406 laetus
402 3354 434 3408 et
458 3344 557 3407 libens
573 3343 702 3406 hauriet.
741 3345 830 3424 quod
847 3347 888 3406 ad
905 3343 1060 3408 Catonem
1082 3342 1226 3426 pertinet,
1250 3345 1324 3407 satis

106 3451 216 3514 dictum
232 3460 280 3513 est
297 3471 520 3532 summamque
536 3450 576 3512 illi
592 3450 770 3514 felicitatem
787 3451 957 3532 contigisse
973 3471 1143 3513 consensus
1160 3450 1323 3514 hominum

107 3555 250 3620 fatebitur.
302 3576 398 3639 quem
435 3557 492 3619 sibl
523 3577 627 3619 rerum
659 3566 771 3619 natura
806 3556 924 3638 delegit
954 3576 1026 3619 cum
1057 3577 1122 3638 quo
1153 3559 1364 3621 metuendam

106 3662 277 3726 conlideret.
338 3657 513 3726 inimicitiae
544 3663 720 3744 potentium
753 3683 866 3744 graues
889 3672 980 3725 sunt:
1022 3673 1201 3745 opponatur
1233 3662 1323 3726 simul

107 3767 259 3852 Pompeio,
284 3769 419 3846 Caesari,
444 3770 567 3833 Crasso.
606 3789 703 3851 graue
726 3780 774 3834 est
798 3791 816 3832 a
836 3769 1043 3834 deterioribus
1059 3768 1181 3832 honore
1196 3769 1321 3832 anteiri:

108 3997 293 4050 2docurhlum'
312 4000 429 4065 patientie
449 3999 533 4066 (fidei
553 4000 696 4051 documtum
722 4015 754 4051 m.
774 4002 788 4050 2
809 3998 835 4051 fn
855 3997 988 4068 rrrrrrpt'ne)
1079 3997 1094 4049 4
1115 3999 1207 4048 uulneri
1232 3998 1324 4047 incubit

190 4088 330 4154 inppetuum
409 4089 424 4138 ll
444 4089 568 4139 estimasse
642 4091 716 4154 refige
735 4085 840 4142 sodalis
859 4085 973 4140 Gertzri':
995 4087 1067 4136 refice
1137 4085 1323 4140 &mesenatem

191 4178 275 4226 ancxio
348 4177 375 4229 itt
389 4176 512 4246 margine
525 4179 582 4231 nali
597 4195 709 4240 morose,
724 4178 818 4242 uulgari
830 4193 943 4226 sermone
956 4177 1062 4240 muriose
1076 4175 1263 4240 (murmuriosae
1276 4176 1300 4241 i)
1314 4175 1324 4224 l

110 4281 249 4332 amaricatae
264 4357 276 4366 η
338 4283 484 4350 lllqueritur
572 4285 602 4336 12
616 4285 725 4348 uigilauit
811 4283 920 4336 illidem
935 4261 976 4302 ³⁸²⁸
1065 4281 1098 4332 ‘hl
1118 4281 1233 4345 quicquid

111 4419 140 4471 ‘tl
159 4379 307 4475 remetiefiint
380 4425 410 4478 31
432 4426 560 4476 inimicitie
580 4426 604 4494 (e
623 4426 706 4494 corr.)
780 4427 813 4482 32
833 4427 927 4478 honore
947 4425 973 4492 (o
993 4419 1081 4475 altera
1100 4436 1138 4474 ccc
1157 4423 1270 4490 ecorr.)
