3272 5334
308 374 351 416 xit
672 373 843 416 PRAEFATIO
858 372 1006 415 IOHANNIS
1022 371 1164 416 vamur.

306 524 415 583 homini
438 530 486 582 ert.
533 520 737 582 Traditorum
759 521 842 581 enim
858 518 931 579 nihil
948 519 1109 580 abiicimus
1124 527 1156 580 et
1172 518 1315 582 delectus
1330 520 1421 600 origo
1438 521 1539 582 mani·
1628 601 1629 610 ἵ

308 636 396 698 festa
443 635 570 697 Eodem
610 655 727 716 genere
763 635 895 715 peccata
930 633 1019 714 plura
1049 637 1080 696 in
1111 633 1329 696 Ambrosiano
1362 635 1541 715 exemplari

307 758 451 813 correcta
481 758 554 814 sunt
585 751 616 811 in
644 749 786 811 eiusdem
809 749 878 812 libri
901 748 1051 830 margine,
1075 748 1160 811 velut
1183 752 1225 811 de
1248 750 1334 812 brev.
1357 751 1410 813 vit.
1434 771 1460 812 c.
1491 753 1541 824 12,

306 887 336 948 p.
362 868 435 941 234,
460 866 478 927 3
504 875 536 928 11
560 867 601 926 ad
625 837 718 927 Helvi
741 885 767 927 c.
794 866 843 940 19,
864 886 896 948 p.
921 865 994 939 210,
1021 869 1069 927 15.
1088 889 1097 902 ’
1114 863 1161 928 Ut
1193 863 1268 927 mihi
1296 865 1370 927 nihil
1398 886 1469 928 esse
1494 868 1538 928 vi-

308 983 419 1044 deatur
442 983 529 1063 quod
554 983 595 1042 de
618 956 705 1042 brev.
729 980 781 1042 vit.
806 1001 832 1042 c.
858 983 885 1054 7,
909 1000 938 1060 p.
962 980 1035 1054 229,
1063 981 1100 1040 12
1126 982 1243 1043 omissa
1265 981 1402 1061 primum
1425 981 1485 1042 sed
1509 983 1539 1042 in

307 1097 449 1176 margine
480 1095 603 1158 adiecta
633 1095 732 1158 verba
760 1101 890 1157 aouille
913 1099 963 1157 diu
986 1099 1147 1164 1111111111,
1179 1095 1292 1176 quibus
1315 1115 1410 1176 aegre
1434 1099 1540 1158 oratio

308 1219 429 1286 careat,
469 1212 511 1273 ab
540 1211 712 1273 editoribus
743 1222 892 1273 notentur
923 1219 1086 1292 tamquam
1117 1210 1291 1273 subditicia.
1345 1210 1540 1294 Eodemque

307 1327 384 1390 vitio
407 1327 464 1389 nisi
487 1325 579 1389 fallor
602 1326 747 1388 laborant
770 1345 912 1407 eaquae
1400 1389 1403 1394 ,

398 1441 455 1504 Ad
479 1441 630 1516 Helviam,
659 1462 700 1503 m.
732 1442 773 1503 de
804 1440 1022 1503 consolatione
1045 1460 1071 1502 c.
1099 1439 1154 1516 12,
1182 1462 1212 1522 p.
1237 1443 1310 1515 2111,
1338 1444 1375 1504 13
1400 1441 1431 1501 in
1454 1442 1552 1503 hunc·

308 1559 441 1618 modum
469 1557 588 1618 tradita
616 1565 705 1620 sunt:
738 1559 908 1618 Dementes:
939 1561 995 1618 trac
1024 1559 1105 1633 quod
1127 1561 1289 1633 aliquando
1320 1561 1540 1634 concupiscunt,

306 1691 421 1750 semper
443 1676 547 1734 timeat.
578 1691 594 1732 o
618 1681 731 1748 quanta
754 1676 818 1733 illos
841 1675 938 1748 calluc
962 1675 1105 1748 mentium,
1128 1681 1243 1748 quauta
1267 1675 1439 1762 ipuorautr'u
1462 1676 1540 1733 uert-

308 1792 376 1850 tatr's
406 1796 525 1849 exercet
551 1807 638 1864 quam
662 1791 818 1864 uoluptatis
840 1805 933 1848 curua
956 1790 1114 1848 imitantur.
1160 1785 1244 1847 Nam
1267 1806 1348 1868 quae
1371 1786 1446 1864 olim
1472 1789 1539 1849 edi-

298 1903 423 1964 ·derunt
439 1912 555 1964 exercet
576 1905 627 1979 qui
638 1906 760 1979 suffiunt
774 1906 855 1979 quod
868 1906 1022 1979 uoluptatis
1037 1912 1091 1963 aut
1106 1920 1188 1983 quae
1203 1883 1330 1964 Kochio
1347 1902 1378 1962 in
1394 1911 1540 1964 mentem

307 2025 461 2079 venerunt
484 2028 601 2078 exercet
624 2021 673 2094 qui
692 2020 814 2093 fupiuut
829 2026 1039 2094 paupertatem
1062 2036 1150 2094 quam
1174 2021 1337 2094 uoluptatis,
1360 2018 1391 2079 in
1415 2017 1449 2079 iis
1472 2039 1540 2080 non
1632 1987 1633 2028 ἶ

309 2152 379 2194 esse
402 2133 667 2212 acquiescendum
691 2141 838 2214 apparet3
865 2141 950 2194 certe
973 2141 1041 2194 tam
1064 2133 1239 2194 sententiae
1261 2151 1358 2213 quam
1375 2132 1540 2196 exhibitae

308 2268 327 2309 a
357 2247 467 2309 codice
506 2247 677 2329 scripturae
717 2246 827 2308 melius
858 2247 1038 2310 consuletur
1068 2247 1211 2309 oratione
1242 2246 1350 2308 mutila
1381 2250 1422 2310 ad
1453 2248 1540 2311 hunc

308 2362 441 2424 modum
464 2361 625 2443 suppleta:
659 2371 811 2440 equanto
836 2367 902 2424 illos
924 2367 1022 2440 calloo
1049 2367 1198 2441 mentium,
1228 2372 1341 2440 quauta
1363 2368 1539 2440 reuerentia
1633 2391 1634 2442 4

308 2481 439 2539 ueritatis
471 2482 642 2551 [excaecut,
675 2495 748 2555 quos
778 2483 864 2540 timor
881 2478 1081 2556 paupertates]
1107 2489 1242 2551 exercet,
1265 2497 1354 2555 quam
1377 2481 1539 2557 uoluptatis
1633 2451 1634 2466 1

308 2610 401 2654 causa
424 2596 583 2654 imitantur.

397 2706 535 2769 Tantum
559 2717 608 2769 est
631 2709 847 2770 minutiarum:
883 2729 920 2770 ac
942 2709 1005 2770 iam
1028 2707 1098 2770 finis
1120 2708 1283 2789 praefandi
1305 2707 1464 2771 faciendus
1489 2723 1539 2772 est
1634 2797 1635 2800 Ἴ

307 2822 363 2884 sed
387 2824 418 2883 in
441 2822 579 2904 querella
602 2823 725 2904 duplici.
771 2823 828 2886 Ad
844 2844 1011 2886 aerumnas
1027 2825 1109 2886 enim
1125 2823 1346 2910 inenarrabiles
1362 2844 1444 2904 quae
1460 2824 1538 2886 mihi

307 2939 384 2998 dum
401 2958 569 3018 operarum
589 2939 732 3027 inertiam
757 2959 835 3020 rego
859 2938 1071 3002 exantlandae
1094 2948 1183 3000 erant
1205 2948 1370 3020 postremo
1394 2943 1537 3014 accessit,

307 3060 342 3114 ut
371 3062 581 3134 posteaquam
612 3055 782 3134 disputatio
811 3056 853 3115 de
883 3056 993 3116 codice
1016 3053 1242 3116 Mediolanensi
1269 3055 1354 3135 typis
1377 3055 1537 3137 descripta

308 3175 372 3240 est,
402 3165 462 3228 hae
493 3167 620 3229 chartae
652 3188 713 3230 una
736 3189 808 3229 cum
832 3168 912 3230 loliis
935 3170 1093 3250 expressis
1117 3168 1223 3250 Lipsia
1245 3170 1287 3230 ad
1311 3189 1364 3230 me
1386 3171 1537 3232 remissae

273 3263 275 3269 Ι
307 3282 387 3342 inter
423 3283 489 3343 vias
528 3285 635 3344 nescio
673 3303 736 3364 quo
776 3304 849 3346 casu
887 3284 1049 3346 interirent
1078 3303 1180 3364 neque
1209 3287 1435 3364 reciperentur:
1470 3306 1536 3366 quo

306 3394 495 3472 factumest,
519 3407 555 3460 ut
577 3399 608 3459 in
631 3419 694 3479 qua
716 3408 806 3478 parte
830 3398 959 3460 minime
980 3399 1117 3461 auctoris
1133 3399 1249 3477 scripto
1265 3417 1371 3459 carere
1386 3406 1535 3478 poteram

307 3532 377 3573 eam
401 3513 467 3574 sine
489 3512 552 3577 hoc
575 3513 764 3574 adminiculo
781 3515 957 3575 necessario
974 3533 1203 3593 recognoscere
1221 3514 1372 3576 deberem
1389 3523 1421 3574 et
1437 3535 1533 3594 quae-

308 3627 381 3688 dam
412 3647 469 3707 per
499 3627 633 3689 multum
664 3627 808 3690 laborem
840 3629 993 3708 expedire
1022 3648 1087 3690 non
1116 3648 1253 3709 possem.
1299 3628 1448 3691 Alterum
1472 3630 1537 3691 hoc

307 3753 370 3804 est:
404 3742 604 3804 simulacrum
636 3745 752 3806 codicis
783 3742 1044 3824 photographum
1076 3746 1164 3826 quod
1195 3743 1338 3806 Kochius
1361 3743 1536 3806 Mediolani

306 3855 483 3919 laciendum
515 3859 650 3932 curavit,
681 3851 745 3919 ubi¹
765 3862 807 3920 ad
839 3861 1075 3940 redemptorem
1108 3861 1196 3922 huius
1219 3859 1286 3920 libri
1311 3861 1380 3922 misi
1403 3870 1438 3921 ut
1460 3860 1536 3922 inde

307 3973 399 4052 copia
429 3972 650 4053 exemplorum
682 3976 849 4036 duceretur
878 3995 959 4056 quae
989 3974 1070 4035 libro
1100 3969 1321 4048 adiicerentur,
1345 3994 1533 4054 responsum

307 4096 371 4160 est,
393 4089 435 4148 ad
458 4087 542 4149 hunc
564 4109 655 4150 usum
678 4091 844 4169 exemplar
865 4089 940 4151 illud
964 4110 1027 4151 non
1051 4091 1125 4152 satis
1148 4110 1217 4151 esse
1240 4102 1476 4170 comparatum,
1500 4086 1550 4154 et‘

306 4203 362 4264 nisi
386 4201 496 4264 melius
519 4213 754 4283 procuraretur,
777 4208 865 4285 quod
888 4207 950 4267 iam
973 4203 1040 4266 fieri
1062 4225 1126 4266 non
1149 4214 1285 4286 poterat,
1308 4205 1349 4266 ab
1372 4205 1434 4266 hoc
1457 4225 1532 4276 con-

305 4317 373 4380 silio
404 4339 473 4380 esse
504 4319 745 4382 abstinendum:
779 4321 884 4401 itaque
911 4320 974 4382 hoc
996 4328 1185 4382 ornamento
1209 4328 1241 4382 et
1264 4322 1450 4382 adiumento
1473 4323 1532 4382 uti-

305 4432 425 4496 lissimo
448 4433 499 4496 hic
521 4433 599 4495 liber
622 4454 674 4496 me
698 4435 794 4496 invito
818 4435 945 4499 carebit.
