3234 5336
292 420 387 461 XXXIV
696 421 736 462 DE
751 421 864 463 contet
878 421 1118 466 nraurocnmsr.

292 577 460 629 tractarem
492 569 621 648 egregia
651 589 762 629 eorum
793 568 846 647 qui
876 569 970 629 rebus
993 567 1187 629 scholasticis
1211 569 1326 628 nostris
1349 575 1382 627 et
1405 565 1511 627 biblio-

292 673 404 735 thecae
435 675 539 753 regiae
570 682 718 754 praesunt
749 673 918 735 liberalitas
948 674 1102 735 concessit
1133 693 1236 753 neque
1263 671 1345 733 hanc
1367 681 1511 734 retracta-

292 783 413 841 tionem
437 800 565 860 prorsus
588 779 727 841 inutilem
751 779 844 841 luisse
868 779 1112 842 commentarius
1136 779 1273 845 docebit
1319 777 1386 840 Sed
1411 788 1443 838 ut
1468 777 1513 839 hic

292 906 419 967 quoque
450 885 551 946 moles
574 885 773 948 Fickertiana
802 887 1049 960 deminueretur,
1078 896 1204 967 praeter
1235 884 1443 946 Berolinensis
1474 882 1512 944 le-

245 975 251 983 ·
292 994 414 1054 ctiones
444 991 519 1052 satis
549 991 644 1053 habui
672 993 817 1053 codicum
842 992 873 1052 D
897 1002 929 1054 et
956 992 985 1053 E
1009 995 1194 1054 uarietatem
1219 990 1414 1064 adscribere,
1446 1009 1518 1058 cum

293 1108 461 1179 utrumque
484 1097 627 1158 codicem
649 1118 708 1179 pro
724 1097 877 1179 temporis
892 1097 1047 1160 breuitate
1064 1097 1236 1160 Mediolani
1252 1097 1513 1176 recognouissem.

293 1205 453 1267 Pertinent
483 1214 590 1265 autem
613 1203 645 1266 hi
680 1205 805 1266 codices
837 1203 1028 1266 bibliotheca
1059 1203 1273 1266 Ambrosiana
1303 1206 1360 1284 ipsi
1389 1223 1514 1284 quoque

292 1311 450 1372 adseruati
472 1311 551 1372 alter
573 1312 615 1372 ad
638 1331 717 1372 saec.
743 1310 831 1372 XIV.
855 1320 978 1390 partem
1010 1313 1164 1393 priorem,
1195 1311 1276 1372 alter
1294 1292 1345 1372 'ad
1376 1311 1513 1372 eiusdem

291 1416 405 1478 saeculi
436 1426 560 1498 partem
591 1419 808 1497 posteriorem.
869 1415 1020 1497 Superior
1057 1417 1107 1479 ille
1139 1419 1169 1479 D
1201 1428 1251 1480 est
1289 1416 1411 1479 formae
1442 1437 1512 1498 qua-

293 1525 404 1586 dratae
427 1523 555 1584 minoris
579 1533 610 1585 et
635 1524 775 1584 continet
795 1518 939 1586 ‘Seneca
962 1526 1003 1586 de
1026 1526 1239 1606 prouidentia,
1263 1526 1304 1586 de
1328 1524 1425 1586 beata
1448 1524 1514 1596 uita,

294 1633 334 1691 de
364 1629 604 1710 tranquillitate,
636 1631 677 1690 de
707 1629 862 1692 breuitate
893 1631 993 1705 uitae,
1028 1630 1069 1691 de
1099 1632 1159 1704 ira,
1190 1632 1232 1692 de
1264 1631 1439 1704 benefieiis,
1478 1631 1515 1691 de

293 1737 467 1811 clementia,
491 1735 531 1796 de
548 1735 697 1808 moribus,
723 1738 762 1797 de
778 1745 972 1818 paupertate,
997 1739 1038 1798 de
1061 1739 1207 1799 remediis
1223 1736 1438 1812 fortuitorum,
1463 1757 1513 1797 ex-

293 1855 402 1923 cerpla
425 1863 466 1902 ex
495 1843 682 1921 tragoediiS,
705 1842 873 1923 prouerbia
896 1841 1052 1916 Senecae,
1078 1845 1119 1905 de
1141 1838 1325 1905 uirtutibus?
1374 1841 1469 1905 Alter
1490 1841 1515 1902 E

294 1960 343 2012 est
365 1948 487 2010 formae
511 1947 573 2009 lolii
598 1949 732 2010 maioris
778 1948 886 2010 Insunt
910 1950 1070 2030 epistulae,
1095 1951 1136 2010 de
1159 1950 1333 2023 clementia,
1357 1951 1397 2010 de
1421 1949 1514 2010 bene-

293 2056 384 2128 ficiis,
417 2057 458 2116 de
485 2057 699 2136 prouidentia,
731 2054 890 2116 debeata
913 2057 994 2130 uita,
1025 2058 1066 2117 de
1089 2055 1311 2137 tranquillitate
1334 2048 1516 2125 animorum,

292 2166 334 2224 de
357 2163 512 2224 breuitate
537 2164 632 2236 uitae,
657 2164 698 2223 de
713 2163 766 2237 ira,
790 2163 831 2223 de
854 2162 1085 2238 consolatione,
1108 2165 1150 2224 de
1173 2171 1322 2244 quattuor
1345 2162 1517 2236 uirtutibuS,
1609 2223 1610 2240 ἦ

294 2272 335 2331 de
358 2270 505 2330 remediis
529 2268 746 2342 fortuitorum,
780 2271 821 2330 de
845 2268 1060 2331 consolatione
1084 2271 1125 2330 ad
1149 2269 1312 2343 Heluiam‚
1344 2269 1515 2352 prouerbio.
1609 2273 1610 2326 l

295 2374 487 2437 Berolinensi
510 2377 648 2455 superari
672 2382 841 2455 utrumque
863 2385 997 2449 constat,
1022 2385 1092 2438 uter
1116 2385 1219 2437 utrum
1236 2385 1371 2456 superet,
1395 2375 1516 2437 difficile

295 2483 388 2555 dictu,
412 2481 470 2541 nisi
493 2483 581 2560 quod
605 2480 632 2540 E
657 2482 757 2560 magis
780 2489 911 2561 operam
936 2483 1148 2555 amanuensis,
1180 2483 1211 2542 D
1236 2502 1364 2544 manum
1389 2483 1515 2544 doctam

295 2596 517 2667 repraesentat.
565 2587 652 2668 lpsas
676 2587 826 2649 lectiones
854 2607 926 2648 cum
950 2587 1018 2651 Itali
1041 2589 1116 2650 satis
1140 2598 1284 2649 accurate
1306 2589 1516 2660 iudicauerint,

294 2704 402 2756 tamen
424 2692 473 2754 uel
505 2693 546 2754 illi
574 2691 622 2754 uel
651 2695 739 2775 quod
769 2693 963 2775 probabilius
995 2705 1043 2756 est
1081 2695 1205 2758 Fickert
1236 2694 1361 2792 rpliquis
1391 2694 1517 2775 piaculis

293 2821 376 2882 quae
406 2803 632 2862 commiserunt
671 2820 710 2861 ne
741 2799 803 2860 hoc
833 2821 951 2862 nouum
983 2803 1112 2882 quidem
1144 2803 1264 2862 addere
1287 2801 1516 2862 dubitauerunt.

295 2907 375 2970 Cum
400 2908 483 2967 enirn
508 2907 635 2968 Fickert
657 2908 771 2968 eadem
794 2905 1020 2986 significatione
1043 2927 1106 2988 qua
1131 2909 1198 2988 ipse
1214 2915 1308 2968 antea
1323 2926 1397 2967 usus
1414 2906 1514 2968 rectis-

294 3016 373 3076 sime
397 3015 493 3074 etad
517 3033 626 3074 uerum
651 3015 777 3074 codices
805 3013 1029 3093 descripsisset,
1053 3015 1084 3073 in
1106 3013 1313 3074 adnotatione
1333 2999 1445 3074 omnes
1465 3031 1515 3072 co·
1584 3021 1588 3031 '

294 3121 370 3181 dicis
394 3119 422 3178 E
446 3118 596 3179 lectiones
620 3120 747 3180 nomine
771 3119 815 3192 D,
839 3139 951 3180 omnes
974 3139 1055 3200 quae
1078 3120 1118 3180 ad
1143 3120 1173 3180 D
1196 3120 1368 3200 pertinent,
1391 3120 1517 3180 nomine
1608 3143 1609 3158 2

296 3225 325 3286 E
349 3224 510 3304 significat.
558 3223 648 3285 Haec
670 3224 837 3286 transferre
860 3225 971 3287 editori
994 3226 1201 3307 appendicula
1225 3235 1291 3288 erat
1314 3225 1448 3299 laboris,
1475 3223 1515 3285 le·
1608 3203 1609 3220 Χ

206 3353 209 3358 ·
296 3331 444 3413 gentibus
475 3339 510 3391 ut
540 3331 570 3391 in
598 3339 744 3391 extremo
772 3331 862 3393 huius
885 3335 1162 3394 commentationis
1185 3333 1272 3414 quod
1296 3331 1425 3394 offertur
1447 3331 1516 3391 ridi-

296 3437 397 3500 culum
428 3445 552 3517 gratum
585 3446 712 3498 moueat
744 3439 839 3499 risum
870 3449 903 3500 et
933 3457 992 3519 pro
1023 3438 1111 3499 bono
1142 3439 1248 3500 omine
1278 3439 1444 3518 accipiatur
1478 3437 1518 3497 ad

296 3545 400 3625 ipsum
425 3563 504 3624 opus
528 3544 736 3617 tractandum,
760 3543 854 3604 etiam
878 3552 974 3624 atque
997 3545 1088 3606 etiam
1112 3551 1200 3625 opt0.
