3212 5326
459 369 539 414 DlAL.
555 371 581 414 V.
609 369 717 411 natan
731 367 786 413 ΗΒ.
803 371 843 412 111.
872 373 929 414 tlt.
1035 379 1039 389 '
1264 373 1305 434 93

100 517 145 579 sed
172 518 234 577 irae
265 517 445 595 paratioris,
477 517 525 578 cui
563 535 628 576 non
659 517 761 594 magis
793 524 897 578 tutum
936 524 1003 577 erat
1042 512 1176 576 blandiri
1211 533 1307 594 quam

101 620 280 684 maledicere.
310 618 450 684 Caelium
468 629 629 684 oratorem
653 618 747 682 fuisse
769 621 1042 702 iracundissimum
1065 629 1201 682 constat.
1235 637 1307 680 cum

100 748 165 808 quo,
194 735 228 788 ut
251 729 368 800 aiunt„
386 727 521 790 cenabat
551 729 582 788 in
614 724 756 790 cubiculo
788 725 890 789 lectae
913 728 1085 807 patientiae
1108 724 1220 799 cliens,
1250 724 1308 788 sed

101 832 208 896 difficile
231 841 300 896 erat
323 832 365 895 illi
395 835 424 894 in
449 832 596 914 copulam
621 835 766 895 coniecto
793 834 896 894 rixam
921 834 986 894 eius
1009 851 1081 894 cum
1105 851 1168 914 quo
1193 829 1307 892 cohae-

102 939 177 1002 rebat
206 937 355 1020 effugere.
416 940 573 1020 optimum
609 941 758 1002 iudicauit
795 939 947 1020 quidquid
986 939 1118 1000 dixisset
1137 927 1244 1019 ‘sequi
1277 947 1309 1000 et
1338 960 1348 994 .·.

99 1047 236 1107 secundas
266 1064 382 1126 agere:
416 1065 481 1106 non
512 1045 584 1108 tulit
614 1043 737 1108 Caelius
768 1045 1000 1108 adsentientem
1032 1053 1064 1106 et
1095 1042 1306 1107 exclamauit:

99 1150 140 1212 dic
157 1150 286 1231 aliquali
311 1159 436 1228 contra,
470 1159 506 1212 ut
533 1155 592 1212 dno
623 1151 733 1212 simus.
782 1151 839 1212 sed
870 1149 921 1214 ille
953 1171 1095 1232 quoque,
1127 1152 1214 1232 quod
1245 1170 1309 1214 non

75 1259 280 1332 iirasceretur,
312 1259 408 1321 iratus
431 1260 495 1320 cito
519 1260 585 1319 sine
616 1259 796 1320 aduersario
829 1258 931 1319 desiit.
977 1255 1130 1336 eligamus
1158 1277 1236 1338 ergo
1260 1256 1310 1318 uel

98 1363 145 1424 hos
166 1366 279 1444 potius,
304 1365 330 1426 si
354 1365 469 1426 conscii
493 1363 586 1426 nobis
609 1365 788 1426 iracundiae
803 1381 920 1437 sumus,
944 1365 996 1443 qui
1020 1362 1141 1426 uoltum
1165 1373 1308 1426 nostrum
1384 1357 1389 1366 ’

97 1489 126 1531 ac
151 1489 332 1532 sermonem
363 1479 538 1552 sequantur.
602 1468 719 1533 facient
750 1470 878 1551 quidem
918 1489 976 1530 nos
1015 1469 1169 1532 delicatos
1206 1479 1239 1532 et
1277 1471 1308 1530 in
1327 1487 1349 1528 ιο

97 1574 198 1638 malam
229 1577 491 1639 consuetudinem
522 1578 671 1639 inducent
701 1575 776 1639 nihil
799 1587 910 1638 contra
933 1574 1130 1639 uoluntatem
1153 1577 1310 1662 audiendi,

96 1683 143 1742 sed
164 1683 308 1762 proderit
339 1684 414 1745 uitio
453 1701 510 1744 suo
541 1681 739 1744 interuallum
776 1692 807 1744 et
845 1683 984 1762 quietern
1024 1683 1108 1744 dare.
1169 1680 1310 1744 difficiles

96 1808 208 1868 quoque
239 1797 272 1850 et
303 1788 449 1851 indomiti
485 1798 597 1850 natura
634 1788 850 1850 blandientem
890 1787 1009 1851 serent:
1052 1787 1125 1850 nibil
1163 1807 1309 1868 asperum

71 1897 290 1975 nterritumque
321 1893 461 1974 palpanti
492 1904 549 1957 est.
596 1896 742 1974 quotiens
775 1895 946 1975 disputatio
977 1894 1102 1976 longior
1134 1905 1166 1957 et
1189 1913 1309 1976 pugna·

95 2003 149 2062 tior
170 2003 244 2074 erit,
277 2004 307 2062 in
331 2003 432 2080 prima
456 2003 653 2074 resistamu8‚
685 2009 855 2082 antequam
888 2000 985 2062 robur
1008 2003 1151 2080 accipiat.
1197 2001 1252 2063 alit
1275 2021 1309 2062 se
1328 2027 1348 2064 n

95 2126 152 2186 ipsa
180 2109 345 2170 contentio
377 2117 409 2170 et
433 2107 590 2169 demissos
623 2106 715 2170 altius
738 2115 835 2169 tenet.
881 2105 999 2168 facilius
1030 2116 1078 2169 est
1109 2127 1143 2168 se
1167 2128 1186 2170 a
1208 2117 1309 2170 certa-

97 2215 168 2276 mine
191 2213 352 2276 abstinere
374 2233 470 2294 quam
494 2212 661 2276 abducere.

75 2333 81 2382 1
172 2320 226 2383 ΙΧ.
269 2317 383 2383 Studia
414 2339 541 2400 quoque
572 2320 718 2397 grauiora
749 2321 904 2382 iracundis
935 2320 1114 2382 omittenda
1144 2329 1216 2382 sunt
1254 2330 1310 2384 aut

96 2435 168 2488 certe
197 2429 277 2489 citra
315 2424 530 2488 lassitudinem
570 2427 750 2488 exercenda
788 2435 822 2488 et
859 2427 982 2488 animus
1012 2445 1076 2488 non
1115 2427 1195 2488 inter
1231 2426 1309 2490 dura

95 2533 267 2607 eemundus,
292 2534 349 2594 sed
373 2532 493 2594 artibus
516 2533 660 2594 amoenis
683 2531 865 2594 tradendus.
904 2531 999 2596 lectio
1024 2531 1108 2594 illum
1133 2535 1307 2596 carminum
1322 2557 1348 2596 u

96 2637 221 2702 obleniat
245 2647 278 2702 et
301 2637 433 2700 historia
460 2636 572 2702 fabulis
612 2639 762 2702 detineat.
816 2636 940 2701 mollius
972 2638 1196 2720 delicatiusque
1226 2649 1306 2702 trac-

70 2753 174 2806 ttetur.
225 2743 427 2825 Pythagoras
463 2745 716 2825 perturbationes
747 2746 843 2806 animi
874 2743 943 2824 lyra
973 2746 1185 2825 componebat.
1239 2749 1308 2827 quis

96 2860 188 2914 autem
211 2855 338 2932 ignorat
369 2851 462 2914 lituos
486 2861 517 2914 et
541 2851 633 2914 tubas
656 2853 892 2914 concitamenta
923 2869 1007 2924 esse,
1038 2853 1118 2913 sicut
1149 2853 1306 2933 quosdam

96 2967 190 3020 cantus
228 2957 463 3032 blandimenta,
511 2957 624 3038 quibus
669 2977 759 3018 mens
797 2955 991 3020 resoluatur?
1035 2955 1172 3020 confusis
1210 2957 1307 3020 oculis

95 3074 212 3140 prosunt
243 3066 376 3127 uirentia
407 3073 438 3126 et
474 3063 664 3145 quibusdam
689 3062 847 3126 coloribus
871 3061 993 3125 infirma
1016 3064 1099 3125 acies
1122 3063 1305 3145 adquiescit,
1320 3087 1345 3126 n

95 3172 281 3249 quorundam
312 3169 480 3250 splendore
511 3171 770 3250 praestringitur:
816 3172 861 3232 sic
892 3179 1015 3232 mentes
1054 3190 1165 3250 aegras
1203 3172 1308 3233 studia

69 3273 166 3338 llaeta
188 3273 392 3356 permulcent.
456 3275 575 3348 iorum,
607 3276 850 3349 aduocationes‚
883 3277 997 3338 iudicia
1020 3273 1128 3356 sugere
1152 3275 1307 3338 debemus

95 3555 207 3609 ‘leelina
287 3556 301 3608 l
323 3559 398 3607 rina*
431 3559 464 3620 (nr
485 3559 567 3620 erus.)
641 3556 656 3608 l
677 3557 826 3606 cohaerebat
848 3555 943 3610 Gertz:
965 3560 1066 3622 herebat
1139 3561 1155 3606 ti
1175 3561 1235 3609 desit

96 3642 186 3697 lluultll
296 3645 328 3698 12
348 3645 461 3694 difficiles
482 3684 486 3695 .
508 3687 513 3698 .
534 3647 610 3694 ferent
630 3645 710 3712 (conl.
731 3649 755 3708 5,
780 3651 786 3696 1
811 3646 876 3696 lenes
901 3663 998 3711 quoque
1023 3655 1108 3696 natura
1134 3655 1156 3697 et
1184 3648 1305 3713 placidosl

98 3729 182 3786 Gertz:
203 3735 311 3784 difficilis
330 3772 336 3787 .
357 3774 363 3787 .
384 3735 460 3784 serent
479 3733 538 3788 cod.
560 3735 668 3784 difficilis
689 3775 694 3786 .
716 3775 721 3788 .
741 3735 801 3784 seret
819 3732 902 3803 unlqo
999 3736 1027 3788 14
1047 3743 1199 3802 taetrumque
1217 3735 1306 3804 uulua,

95 3825 240 3888 territumque
259 3821 362 3892 Haupt,
381 3830 547 3888 senatumque
564 3819 688 3892 Madnip,
707 3825 882 3889 horridumque
903 3821 993 3888 Gertz,
1013 3841 1051 3880 eac
1069 3823 1167 3894 quibus
1185 3823 1307 3879 omnibns

95 3910 201 3963 numeror
219 3909 340 3982 placebit
358 3913 540 3976 horridumque,
559 3910 585 3964 εἰ
601 3910 747 3966 contuleris
765 3911 938 3965 Varroniano
957 3913 1035 3984 apud
1052 3913 1120 3968 Non.
1140 3918 1212 3979 45,1
1233 3932 1307 3980 equus

22 4040 25 4048 .
95 4000 194 4063 mordax,
213 4001 322 4062 calcitro,
343 4001 455 4050 horridus
474 4015 534 4052 curn
555 3998 622 4054 Hor.
641 4007 691 4054 sat.
712 4003 736 4064 2,
758 4005 780 4066 l,
802 4007 833 4053 20
853 4004 891 4052 cui
918 4004 1022 4052 maleel
1041 4005 1148 4068 palpem,
1168 4005 1306 4052 recalcitrat

95 4087 189 4151 undique
207 4097 267 4138 tutus
343 4089 373 4140 15
394 4095 524 4152 antequam
544 4089 585 4138 alit
605 4085 674 4155 cod„
700 4087 761 4142 ilem
781 4088 821 4154 B,
846 4091 950 4144 omissis
976 4091 1068 4144 ttrrbt's
1093 4093 1167 4140 robur
1191 4092 1305 4156 accipiat,

95 4189 158 4239 quae
174 4176 224 4230 nisi
240 4193 300 4230 cnm
325 4176 474 4230 sententiae
494 4175 654 4230 detrimento
673 4177 760 4230 omitti
783 4179 834 4230 utre
849 4194 935 4248 posse
947 4195 1007 4234 curn
1024 4179 1132 4234 Gertzr'o
1151 4180 1303 4237 consanum

95 4273 253 4318 accerserunt
268 4265 356 4320 nerlu
375 4264 423 4319 illa
441 4265 469 4318 r'n
489 4263 670 4336 Neapolitana
782 4267 811 4322 lb
832 4269 951 4318 demissos
969 4269 1066 4337 nulpn:
1088 4270 1202 4318 <liniens

97 4348 128 4398 111
145 4353 275 4404 interdura
296 4351 392 4408 Gertz:
415 4357 476 4404 inter
495 4355 564 4418 plura
660 4357 694 4408 211
714 4359 808 4420 amenis
905 4357 938 4408 21
958 4358 1110 4422 delicatiusq;
1133 4358 1169 4424 (q;
1191 4357 1216 4410 t'n
1237 4359 1304 4424 ras.)

179 4445 209 4494 22
227 4447 390 4510 componebat
481 4439 514 4494 ‘2ss
535 4445 719 4510 praestringitur
738 4443 833 4514 rrnlpo:
855 4447 1046 4510 prestringuntur
