3184 5318
291 347 352 409 178
511 340 592 385 mnu.
603 339 653 383 Vll.
681 340 723 381 AD
738 339 917 382 GALLIONEM
932 338 973 380 DE
988 340 1059 402 vlTp
1073 339 1180 381 ΒΕΑΤΑ.
1208 341 1241 383 tt.
1256 340 1291 384 25.

287 509 379 552 suum
418 485 552 550 diffundi
583 495 615 550 et
644 485 865 550 liberalitatem
896 507 1062 562 exercere,
1102 506 1196 568 quae·
1214 505 1279 548 non
1309 489 1382 567 quia
1408 485 1498 551 liberis
1578 459 1579 480 l

288 596 438 670 debetur,
476 596 533 658 se'd
570 597 645 676 quia
675 617 694 658 a
728 595 829 658 libero
867 599 974 658 animo
1013 595 1234 676 proficiscitur,
1271 598 1316 657 ita
1353 599 1499 660 nominata

287 713 345 766 est.
400 701 478 766 haec
516 704 602 784 apud
633 706 808 784 sapientem
839 723 897 766 nec
925 723 1075 783 umquam
1107 701 1138 764 in
1167 710 1276 784 turpes
1309 702 1499 786 indignosque

287 810 455 908 inpingitur
486 831 544 872 nec
576 831 728 892 umquam
759 811 804 872 ita
833 809 1006 891 defetigata
1037 821 1136 885 errat,
1180 819 1214 872 ut
1252 829 1333 884 non,
1371 814 1499 891 quotiens
1579 822 1580 880 1

260 921 419 998 rdignum
451 920 620 994 inuenerit,
653 921 741 998 quasi
772 939 813 979 ex
849 917 944 999 pleno
976 918 1059 980 fluat.
1107 937 1172 980 non
1211 928 1260 981 est
1299 938 1391 998 erg0,
1426 920 1524 998 quodi
1579 887 1580 970 l

287 1045 454 1106 perperam
486 1025 671 1106 exaudiatis,
701 1045 784 1105 quae
814 1024 957 1100 honeste,
988 1024 1118 1100 fortiter,
1146 1027 1289 1088 animose
1320 1045 1339 1086 a
1368 1025 1501 1086 studiosis

287 1134 460 1212 sapientiae
485 1113 639 1194 dicuntur.
673 1141 705 1194 et
728 1132 792 1194 hoc
814 1135 949 1212 primum
973 1133 1152 1195 adtendite:
1179 1131 1263 1194 aliud
1286 1141 1335 1194 est
1358 1131 1501 1192 studiosus

287 1239 472 1319 sapientiae,
504 1237 588 1301 aliud
617 1241 680 1301 iam
705 1239 840 1320 adeptus
863 1241 1059 1321 sapientiam.
1105 1237 1156 1301 ille
1179 1238 1236 1301 tibi
1260 1240 1362 1302 dicet:
1395 1240 1502 1320 optime

288 1343 409 1425 loquor,
433 1347 491 1408 sed
516 1344 618 1410 adhuc
641 1348 721 1409 inter
744 1344 828 1408 mala
851 1346 977 1408 uolutor
999 1344 1140 1428 plurima
1187 1366 1251 1406 non
1274 1353 1331 1419 est,
1355 1345 1438 1425 quod
1459 1364 1502 1405 me

252 1465 275 1506 1⁰
290 1454 331 1514 ad
364 1451 530 1516 formulam
560 1471 665 1515 meam
694 1456 815 1534 exigas.
861 1473 933 1515 cum
958 1455 1098 1516 maxime
1122 1452 1202 1515 sacio
1226 1472 1278 1514 me
1302 1461 1334 1514 et
1358 1451 1454 1512 formo
1475 1460 1501 1512 et

288 1560 329 1620 ad
361 1559 524 1641 exemplar
554 1563 665 1640 ingens
698 1559 819 1622 attollo
865 1562 891 1621 si
921 1580 1108 1642 processero
1131 1568 1420 1639 quantumcumque
1440 1577 1501 1638 pro-

288 1668 394 1747 posui,
426 1670 521 1748 exige
552 1677 586 1730 ut
610 1668 702 1731 dictis
725 1665 810 1730 iacta
832 1667 1054 1747 respondeant
1100 1667 1269 1728 adsecutus
1292 1685 1368 1726 uero
1390 1663 1500 1727 humani

287 1772 364 1836 boni
387 1794 545 1836 summam
570 1773 658 1837 aliter
681 1784 788 1838 tecum
812 1784 887 1856 aget
910 1782 943 1836 et
966 1774 1068 1836 dicet:
1104 1776 1240 1855 primum
1264 1793 1329 1834 non
1353 1782 1408 1847 est,
1427 1774 1500 1853 quod

288 1879 345 1944 tibi
377 1883 543 1961 permittas
575 1883 615 1944 de
646 1880 827 1944 melioribus
858 1881 938 1943 ferre
970 1883 1182 1943 sententiam:
1217 1878 1292 1943 mihi
1320 1883 1398 1954 iam,
1427 1881 1501 1960 quod

250 2003 273 2042 ¹⁵
288 1998 510 2068 argumentum
534 1998 582 2050 est
606 1992 691 2063 recti,
714 1991 850 2068 contigit
873 1985 963 2050 malis
987 1963 1160 2068 displicere.
1192 1987 1256 2061 sed,
1281 1996 1316 2049 ut
1339 1987 1396 2049 tibi
1418 1983 1500 2048 ratio·
1517 1993 1527 2039 1

205 2141 216 2168 ,
287 2116 360 2158 nem
392 2097 541 2180 reddam,
572 2117 635 2176 qua
657 2096 732 2157 nulli
756 2094 938 2157 mortalium
961 2095 1111 2176 inuide0,·
1135 2095 1208 2156 audi
1231 2096 1307 2175 quid
1331 2095 1501 2176 promittam

220 2187 222 2190 ¹
287 2212 320 2265 et
350 2205 459 2283 quanti
482 2223 627 2283 quaeque
650 2205 836 2266 aestimem:
871 2204 995 2265 diuitias
1018 2221 1103 2282 nego
1126 2201 1246 2262 bonum
1271 2221 1349 2264 esse.
1394 2222 1460 2263 nam
1480 2202 1501 2261 si

287 2319 406 2384 essent,
430 2309 534 2372 bonos
557 2309 704 2373 facerent.
750 2330 832 2371 nunc
854 2311 1014 2389 quoniam,
1037 2309 1125 2389 quod
1150 2310 1234 2390 apud
1259 2307 1360 2370 malos
1383 2309 1501 2389 depren-

287 2415 386 2490 ditur,
416 2416 476 2480 dici
507 2416 627 2479 bonurn
660 2436 724 2478 non
755 2425 881 2498 potest,
912 2415 975 2479 hoc
1006 2414 1063 2478 illis
1092 2435 1209 2478 nomen
1236 2434 1330 2496 nego.
1376 2425 1502 2477 ceterum

246 2537 274 2578 2⁰
288 2532 321 2586 et
350 2522 514 2585 habendas
546 2543 615 2586 esse
647 2533 679 2585 et
710 2522 802 2586 utiles
834 2531 867 2585 et
897 2543 1014 2604 magna
1043 2522 1221 2595 commoda
1243 2524 1326 2584 uitae
1349 2520 1502 2584 adferentis

288 2627 397 2693 fateor.

169 2814 172 2822 Ι
288 2780 291 2786 -
376 2736 481 2800 XXV.
522 2735 608 2818 Quid
640 2758 717 2819 ergo
746 2741 802 2812 sit,
833 2758 930 2818 quare
953 2735 1020 2800 illas
1043 2757 1109 2798 non
1130 2739 1162 2800 in
1185 2737 1278 2800 bonis
1301 2755 1459 2799 numerem
1480 2735 1529 2794 etl

186 2837 188 2842 ’
287 2845 363 2924 quid
396 2853 555 2925 praestem
587 2847 618 2906 in
649 2843 707 2907 illis
737 2845 821 2907 aliud
852 2865 948 2926 quam
979 2865 1053 2920 uos,
1085 2847 1235 2924 quoniam
1266 2846 1348 2907 inter
1370 2854 1505 2922 utrosque

288 2953 436 3014 conuenit
458 2950 631 3027 habendas,
656 2953 770 3016 audite.
807 2973 892 3035 pone
914 2954 946 3014 in
969 2951 1206 3032 opulentissima
1229 2971 1280 3014 me
1305 2953 1413 3025 dom0‚
1435 2967 1506 3030 pone

250 3071 277 3112 ‘15
292 3056 344 3120 ubi
368 3078 478 3120 aurum
502 3069 732 3139 argentumque
755 3062 786 3121 in
810 3062 990 3140 promiscuo
1014 3080 1072 3122 usu
1095 3061 1154 3122 sit:
1190 3080 1254 3120 non
1277 3061 1443 3140 suspiciam
1465 3073 1506 3116 me

288 3167 330 3226 ob
354 3166 424 3239 ista,
447 3185 529 3245 quae
552 3168 675 3228 etiarnsi
698 3167 782 3247 apud
807 3186 867 3242 me,
891 3176 984 3228 extra
1004 3185 1062 3246 me,
1072 3175 1180 3228 tamen
1195 3174 1276 3228 sunt.
1308 3167 1340 3227 in
1356 3163 1504 3226 sublicium

289 3281 421 3351 pontem
453 3291 505 3334 me
536 3272 670 3336 transfer
693 3282 726 3335 et
749 3276 830 3336 inter
854 3283 985 3354 egentes
1008 3273 1117 3336 abice:
1151 3292 1215 3334 non
1238 3273 1312 3334 ideo
1336 3281 1442 3334 tamen
1462 3286 1505 3329 me
1560 3299 1564 3312 ·

236 3365 241 3377 ¹
290 3379 478 3461 despiciam,
512 3381 601 3459 quod
631 3382 662 3441 in
693 3378 816 3442 illorum
846 3401 979 3442 numero
1011 3380 1203 3454 consedere,
1234 3381 1288 3459 qui
1319 3397 1444 3440 manum
1471 3373 1505 3435 ad

289 3487 405 3566 stipem
429 3488 604 3567 porrigunt.
650 3488 726 3566 quid
750 3488 833 3549 enim
858 3486 899 3549 ad
922 3507 998 3562 rem,
1021 3507 1062 3548 an
1084 3485 1216 3548 frustum
1240 3487 1330 3566 panis
1355 3485 1446 3557 desit,
1467 3481 1506 3542 cui

291 3661 305 3712 1
332 3661 505 3712 liberalitatem
530 3661 609 3719 dett:
642 3664 757 3716 libertate
896 3681 947 3714 non
971 3680 1019 3729 qua
1044 3664 1129 3713 liberis
1154 3663 1263 3714 debetur.
1289 3663 1333 3712 sed
1357 3625 1413 3728 quia
1435 3659 1507 3709 liberis

292 3821 401 3874 debetur.
420 3823 463 3871 sed
483 3823 539 3886 quia
558 3823 653 3872 alibero
769 3823 870 3887 daput
980 3824 1086 3890 inturpes
1105 3822 1144 3889 (in
1162 3823 1230 3890 ras.)
1352 3763 1507 3888 (ibelllleerrllt

292 3909 444 3980 (suprascr.
464 3925 499 3964 m.
518 3911 584 3977 reo.)
693 3911 709 3964 7
735 3913 878 3977 sapientia*
990 3912 1021 3966 10
1047 3929 1102 3962 cum
1121 3913 1229 3962 maxime
1248 3908 1328 3964 dart:
1355 3927 1397 3962 cur
1415 3909 1508 3960 maxime

382 4000 415 4050 11
438 4005 663 4065 quantumcumque
682 3996 845 4054 hactonus:
866 4006 1009 4067 quantum:
1103 4002 1135 4054 13
1155 4017 1276 4050 summam
1296 3999 1400 4070 Neap.:
1425 4010 1507 4048 summa

383 4106 415 4158 15
436 4107 540 4170 contigit
557 4103 617 4156 Et:
639 4107 759 4170 contingit
852 4107 882 4160 16
901 4109 1000 4158 inuideo
1019 4090 1087 4172 quod
1106 4109 1164 4158 audi
1184 4109 1301 4173 pmittam
1321 4113 1345 4157 et
1362 4088 1507 4172 quanti—qne

382 4195 442 4258 quid
459 4191 522 4247 olim
542 4196 695 4246 comeatum
786 4194 818 4247 18
845 4197 911 4261 apud
929 4197 957 4263 (d
975 4196 1059 4262 corr.)
1158 4195 1192 4248 19
1218 4197 1268 4247 hoc
1287 4197 1337 4245 diei
1357 4196 1411 4246 illis.
1429 4205 1507 4244 nornen

301 4299 366 4347 nego
385 4283 446 4350 (dici
460 4279 591 4353 pluribus
609 4279 713 4335 lineolis
731 4285 897 4338 transuersis
915 4283 1040 4351 deletum)
1131 4284 1165 4339 22
1190 4287 1221 4334 sit
1239 4283 1360 4355 lipsius:
1381 4291 1415 4334 est

294 4370 330 4424 24
349 4387 414 4436 pone
432 4373 474 4422 ubi
498 4370 619 4424 Tarnis:
642 4389 705 4436 pone
796 4372 829 4424 2ss
850 4375 942 4438 istaque
1026 4373 1060 4426 27
1080 4375 1152 4424 abice
1174 4371 1344 4428 Grottout'usz
1365 4375 1435 4438 abige

296 4458 329 4510 29
350 4466 401 4511 rer·
