3234 5336
334 423 337 430 Δ
433 363 588 406 noemma·
608 365 671 407 cvu
691 363 898 408 Pnovrnsusm
918 365 972 408 sm.
992 365 1029 410 vr.
1169 421 1177 440 ·
1276 373 1339 433 Ι15

119 509 166 573 ille
195 520 288 574 extra
318 511 500 593 patientiam
532 512 688 575 malorum
719 521 783 587 est,
815 533 872 575 uos
903 533 997 595 supra
1027 513 1218 596 patientiam.
1265 531 1338 576 con-

119 617 246 679 temnite
277 626 514 699 paupertatem:
553 639 648 682 nemo
681 627 747 681 tam
779 639 899 701 pauper
929 620 1004 682 uiuit
1036 639 1132 700 quarn
1162 628 1253 682 natus
1284 628 1339 682 est.

119 725 311 786 contemnite
334 723 500 788 dolorem:
526 733 580 788 aut
600 723 741 788 soluetur
764 733 817 788 aut
833 725 943 789 soluet.
975 727 1167 789 contemnite
1184 735 1336 788 mortem:

118 849 194 911 quae
226 850 285 892 uos
317 838 372 892 aut
402 829 469 893 finit
499 841 553 894 aut
583 830 738 895 transfert.
784 833 979 894 contemnite
1007 831 1184 895 fortunam:
1220 832 1337 894 nullum

83 936 152 1002 tili
183 935 284 999 telum
316 957 381 1018 quo
403 936 509 1000 feriret
539 939 678 1000 animum
710 939 815 1012 dedi.s
846 947 920 1001 ante
950 939 1057 1001 omnia
1088 939 1170 1012 caui,
1201 957 1240 1000 ne
1271 939 1365 1018 quist
1419 923 1422 932 ⁴

117 1063 170 1106 uos
202 1052 328 1106 teneret
357 1044 481 1106 inuitos.
527 1053 617 1128 patet
649 1045 760 1112 exitus.
806 1045 831 1108 si
863 1064 1004 1130 pugnare
1035 1065 1098 1106 non
1131 1044 1237 1118 uultis,
1268 1043 1340 1106 licet

116 1148 229 1231 lugere.
277 1150 351 1212 ideo
375 1171 416 1212 ex
440 1151 587 1213 omnibus
610 1151 704 1213 rebus
727 1171 806 1232 quas
833 1171 903 1214 esse
926 1151 1017 1214 uobis
1041 1151 1229 1213 necessarias
1255 1151 1339 1213 uolui

116 1255 184 1319 nihil
208 1255 268 1320 ieci
292 1254 409 1319 facilius
432 1277 528 1338 quam
552 1258 640 1319 mori.
680 1259 942 1340 pronoanimam
967 1258 1037 1320 loco
1061 1259 1165 1339 posui:
1200 1245 1339 1320 trahitur.

115 1364 276 1425 adtendite
309 1366 408 1426 modo
440 1372 472 1426 et
503 1363 648 1426 uidebitis
671 1384 766 1446 quam
795 1363 899 1428 breuis
922 1365 963 1427 ad
986 1364 1164 1428 libertatern
1188 1373 1220 1426 et
1242 1383 1336 1444 quam

115 1470 264 1550 expedita
296 1470 392 1532 ducat
423 1471 480 1533 uia.
534 1489 599 1532 non
630 1482 695 1534 tarn
726 1471 838 1552 longas
868 1472 898 1532 in
929 1471 1016 1533 exitu
1047 1469 1138 1532 uobis
1169 1489 1264 1550 quam
1295 1469 1337 1530 in·
1353 1487 1378 1530 ro

114 1575 267 1638 trantibus
299 1595 406 1638 moras
437 1576 545 1658 posui:
579 1575 692 1658 alioqui
724 1595 875 1658 magnum
907 1577 937 1638 in
968 1596 1026 1638 uos
1057 1595 1189 1656 regnum
1214 1575 1337 1638 fortuna

76 1682 279 1756 stenuisset,
310 1683 334 1744 si
364 1681 464 1744 homo
495 1691 561 1744 tam
594 1683 683 1746 tarde
715 1693 889 1746 moreretur
919 1702 1015 1764 quam
1046 1683 1189 1744 nascitur.
1242 1701 1336 1745 omne

111 1797 252 1870 tempus,
283 1789 388 1850 omnis
412 1807 469 1850 uos
493 1789 579 1852 locus
603 1791 727 1865 doceat,
755 1809 850 1870 quam
873 1789 963 1852 facile
986 1791 1025 1852 sit
1048 1790 1224 1852 renuntiare
1248 1797 1335 1851 natu-

111 1913 163 1956 rae
185 1903 218 1956 et
243 1915 358 1957 munus
382 1893 422 1956 illi
437 1914 536 1971 suum
560 1895 741 1976 inpingere:
774 1897 853 1958 inter
884 1896 952 1976 ipsa
982 1894 1091 1958 altaria
1114 1904 1146 1959 et
1169 1894 1337 1958 sollemnes
1362 1931 1366 1938 ·

87 1999 351 2063 'sacrificantium
375 2002 459 2076 ritus,
484 2000 560 2063 dum
584 2010 713 2084 optatur
736 2003 808 2076 uita,
833 2011 970 2064 mortem
994 2002 1172 2064 condiscite.
1204 2021 1338 2083 corpora
1354 2019 1377 2061 m

107 2109 216 2188 opima
248 2115 412 2170 taurorum
443 2109 561 2188 exiguo
593 2108 762 2170 concidunt
794 2108 922 2170 uolnere
953 2117 985 2170 et
1017 2127 1202 2188 magnarum
1228 2107 1346 2183 uirium⁸

108 2212 255 2276 animalia
286 2213 444 2276 humanae
483 2233 593 2276 manus
621 2215 700 2276 ictus
724 2212 850 2296 inpellit.
896 2214 981 2278 tenui
1012 2212 1110 2304 ferrov
1133 2214 1338 2276 commissura

107 2322 237 2383 ceruicis
269 2320 481 2402 abrumpitur,
520 2330 552 2383 et
583 2341 654 2384 cum
686 2320 832 2383 articulus
863 2320 912 2384 ille
942 2321 994 2401 qui
1026 2329 1120 2401 caput
1159 2319 1337 2400 collumque

72 2447 87 2494 u
106 2428 282 2490 committit
306 2427 418 2490 incisus
442 2435 505 2503 est,
536 2436 625 2490 tanta
655 2426 705 2489 illa
729 2426 829 2490 moles
853 2425 977 2490 corruit.
1031 2447 1095 2490 non
1118 2427 1148 2488 in
1172 2425 1237 2494 alto
1261 2425 1337 2488 latet

106 2535 234 2616 spiritus
267 2554 327 2596 nec
359 2517 466 2614 utique
489 2533 572 2596 ferro
596 2534 752 2596 eruendus
776 2543 831 2596 est.
878 2553 942 2595 non
965 2543 1038 2596 sunt
1062 2531 1190 2596 uolnere
1212 2533 1336 2614 penitus
1351 2559 1376 2600 πυ

105 2641 251 2722 inpresso
275 2641 446 2702 scrutanda
468 2641 671 2722 praecordia:
698 2641 728 2702 in
751 2640 901 2722 proximo
926 2639 1012 2702 mo'rs
1035 2649 1091 2702 est.
1128 2659 1191 2701 non
1216 2647 1336 2710 certum

104 2748 148 2808 ad
171 2745 234 2809 hos
258 2747 338 2809 ictus
362 2748 515 2809 destinaui
538 2746 660 2809 locum:
688 2765 886 2828 quacumque
910 2747 955 2808 uis
978 2747 1120 2827 peruium
1143 2754 1200 2808 est.
1235 2746 1336 2826 ipsum

104 2852 184 2916 illud
215 2853 305 2934 quod
336 2861 467 2916 uocatur
490 2854 585 2929 mori,
617 2873 682 2934 quo
714 2854 817 2914 anima
840 2851 972 2916 discedit
995 2873 1014 2914 a
1038 2871 1179 2934 corpore,
1211 2851 1337 2914 breuius

104 2970 167 3036 est,
202 2980 300 3041 quam
332 2969 366 3021 ut
396 2961 501 3022 sentiri
539 2969 629 3022 tanta
658 2958 809 3022 uelocitas
846 2960 961 3041 possit:
1003 2959 1068 3020 siue
1098 2957 1203 3020 fauces
1234 2959 1336 3021 nodus

103 3065 197 3140 elisit,
219 3067 287 3128 siue
309 3066 534 3149 spiramentum
559 3085 641 3147 aqua
663 3064 844 3147 praeclusit,
868 3066 933 3128 siue
948 3067 979 3127 in
995 3074 1089 3146 caput
1104 3063 1210 3146 lapsos
1233 3064 1334 3126 subia-
1351 3087 1377 3129 u

102 3173 206 3234 centis
237 3173 297 3234 soli
328 3173 440 3235 duritia
471 3173 658 3248 conminuit,
689 3172 755 3234 siue
787 3172 917 3234 haustus
948 3173 1026 3254 ignis
1057 3191 1180 3234 cursum
1214 3173 1337 3234 animae

102 3280 279 3342 remeantis
311 3279 500 3342 interscidit:
531 3279 682 3360 quidquid
712 3289 775 3354 est,
806 3287 975 3360 properat:
1010 3279 1123 3359 ecquid
1155 3279 1336 3340 erubescitis

101 3385 195 3467 quod
219 3394 287 3448 tarn
312 3385 374 3448 cito
398 3384 432 3448 fit
456 3386 566 3448 timere
590 3394 656 3449 tarn
680 3385 754 3447 diu?

103 3617 221 3666 8nichil
325 3613 352 3665 ll
373 3607 461 3664 munus¹
481 3615 656 3684 (usuprasor.
671 3631 703 3668 m.
716 3615 772 3683 pr.)
853 3614 885 3666 lli
910 3614 1008 3664 uulnere
1092 3616 1125 3666 22
1145 3615 1264 3664 destinaui
1280 3611 1333 3666 E¹2

101 3705 223 3755 estimant
297 3705 333 3754 u'n
356 3701 509 3772 Woelfflin:
530 3705 572 3754 uis
593 3703 685 3770 (eroso
704 3701 794 3756 littera
810 3707 923 3772 potens
933 3698 1049 3770 fuisse),·
1067 3700 1140 3769 cotis.
1156 3700 1250 3756 Sarac.
1266 3707 1335 3772 traq.

100 3793 213 3848 Phoen.
231 3795 281 3846 158
301 3809 348 3857 qua
367 3793 434 3842 uoles
453 3799 558 3842 mortem
578 3795 648 3858 exige
719 3793 781 3858 pulli
802 3798 816 3844 Β
835 3789 904 3858 cod,
931 3789 1044 3846 Fickert
1062 3795 1139 3846 errat
1147 3810 1153 3850 ;
1179 3808 1280 3856 paruum
1300 3797 1335 3842 est

103 3935 199 4005 Neap·
274 3933 307 3986 25
327 3892 439 3999 spramtu
454 3933 587 4003 (im-pr.)
660 3935 743 3998 lapsos
757 3934 783 4000 (o
797 3933 970 4000 renouatum)
1043 3933 1206 3998 2'tquicquid
1277 3933 1335 3997 etqd

199 4024 342 4072 erubescitis
362 4024 429 4088 quod
449 4031 498 4074 tem
517 4025 566 4072 cito
587 4023 612 4072 fit
632 4024 717 4074 timere
735 4029 786 4074 tam
808 4024 866 4074 diu?
899 4020 987 4076 Koch:
1014 4023 1167 4076 erubescitis.
1187 4023 1222 4086 qd
1241 4024 1267 4071 tit
1285 4022 1335 4070 cito

101 4115 126 4164 fit
150 4114 247 4164 timetis
266 4113 308 4162 diu
