3184 5318
313 322 394 368 Dran.
404 322 454 368 vll.
481 323 523 366 Al)
538 323 715 368 GALLIONEM
731 325 771 368 DE
786 326 857 372 VITA
870 327 977 402 PEATA.
1008 331 1037 372 ll.
1056 332 1087 373 tl.
1256 338 1316 400 165

102 482 237 534 terrarum
270 490 308 532 ac
340 470 450 544 maris,
483 479 519 532 ut
549 470 597 534 isti
628 479 760 546 uocant,
792 473 878 538 bona
909 477 1133 557 concoquentis
1164 486 1196 539 et
1223 497 1318 558 super

7 605 8 624 ¹
102 597 229 642 mensam
245 577 503 657 recognoscentis
520 578 661 640 omniurn
678 582 820 658 gentium
838 581 989 644 animalia.
1022 583 1093 645 uide
1109 582 1169 646 hos
1185 585 1317 660 eosdem

7 675 9 748 ἔ
101 706 116 746 e
143 691 287 764 suggestu
318 703 411 746 rosae
441 685 611 766 spectantis
643 685 794 767 popinam
823 707 929 762 suam,
961 707 1051 750 aures
1083 709 1197 750 uocum
1227 709 1317 764 sono,

7 815 9 840 2
100 788 272 873 spectaculis
296 788 421 866 oculos,
452 790 618 872 saporibus
641 790 782 873 palatum
805 813 896 856 suurn
921 794 1122 858 delectantes.
1170 791 1316 858 mollibus

100 897 268 978 lenibusque
299 895 445 961 fomentis
476 905 581 960 toturn
613 897 775 962 lacessitur
806 919 915 963 eorum
949 919 1064 982 corpus
1095 910 1127 964 et
1158 921 1197 964 ne
1225 921 1342 964 naresi

7 977 9 1084 Ξ
100 1004 207 1066 interim
231 1012 365 1078 cessent,
389 1003 541 1067 odoribus
565 1005 654 1068 uariis
678 1003 810 1068 inficitur
832 1006 919 1069 locus
944 1007 1017 1088 ipse,
1041 1007 1071 1068 in
1095 1029 1159 1089 quo
1176 1006 1317 1070 luxuriae

7 1093 9 1202 Ξ
99 1117 286 1193 parentatur:
320 1108 380 1172 hos
411 1129 480 1172 esse
508 1113 540 1173 in
563 1109 779 1194 uoluptatibus
804 1113 897 1174 dices.
944 1133 1002 1175 nec
1025 1123 1132 1176 tamen
1155 1112 1211 1176 illis
1235 1113 1317 1176 bene

7 1241 9 1290 l
100 1218 156 1292 erit,
176 1219 248 1297 quia
272 1237 336 1279 non
360 1217 448 1278 bono
473 1217 623 1298 gaudent.

75 1338 82 1390 l
175 1323 241 1387 Xll.
290 1321 391 1398 Male,
420 1322 534 1405 inquit,
565 1322 624 1386 illis
657 1324 730 1399 erit,
762 1325 835 1405 quia
858 1326 957 1390 multa
981 1328 1203 1402 interuenient,
1233 1349 1315 1409 quae

99 1430 270 1512 perturbent
309 1431 466 1504 animum,
505 1438 536 1492 et
577 1430 739 1512 opiniones
779 1431 857 1492 inter
895 1451 929 1493 se
967 1434 1143 1498 contrariae
1175 1443 1315 1496 mentem
1334 1453 1355 1492 n

8 1529 9 1592 i
100 1537 311 1618 inquietabunt.
363 1537 449 1618 quod
487 1537 529 1598 ita
565 1556 633 1598 esse
669 1539 821 1600 concedo,
872 1539 929 1600 sed
960 1537 1158 1602 nihilominus
1189 1538 1228 1602 illi
1259 1541 1316 1621 ipsi

100 1643 173 1708 stulti
195 1651 226 1706 et
249 1641 429 1724 inaequales
452 1651 485 1704 et
508 1644 566 1704 sub
583 1642 645 1705 ictu
662 1643 871 1725 paenitentiae
886 1645 980 1726 positi
997 1664 1128 1724 magnas
1144 1646 1317 1726 percipient

8 1739 9 1748 ¹
100 1750 273 1832 uoluptates,
297 1759 332 1812 ut
355 1747 518 1813 latendum
542 1749 582 1812 sit
605 1759 671 1812 tam
695 1748 791 1830 longe
815 1759 882 1812 tum
906 1749 975 1814 illos
999 1751 1039 1814 ab
1063 1755 1151 1815 omni
1172 1752 1317 1815 molestia

8 1907 9 1914 ,
99 1857 198 1919 abesse
219 1875 316 1939 quam
340 1877 359 1918 a
382 1855 467 1918 bona
491 1865 616 1931 mente,
645 1865 677 1918 et
700 1857 788 1937 quod
811 1856 968 1938 plerisque
992 1859 1160 1940 contingit,
1185 1859 1315 1922 hilarem

8 2005 9 2032 1
72 1979 84 2028 '2
99 1963 234 2026 insaniam
250 1964 385 2026 insanire
401 1983 438 2024 ac
453 1981 510 2044 per
526 1963 621 2026 risum
638 1961 747 2026 furere.
775 1971 819 2038 ¹at
836 1974 947 2026 contra
962 1965 1149 2046 sapientium
1166 1968 1316 2029 remissae
1333 1985 1355 2024 n

99 2068 263 2153 uoluptates
292 2078 325 2131 et
348 2070 514 2132 modestae
537 2089 574 2130 ac
597 2089 698 2149 paene
721 2068 889 2149 languidae
912 2079 984 2132 sunt
1008 2089 1259 2154 conpressaeque
1283 2081 1317 2134 et

98 2175 143 2236 uix
165 2175 332 2250 notabileS,
356 2185 389 2237 ut
413 2194 495 2256 quae
518 2195 620 2256 neque
644 2177 815 2239 accersitae
839 2177 964 2238 ueniant
987 2196 1061 2252 nec,
1092 2179 1235 2258 quamuis
1258 2199 1316 2260 per

98 2302 126 2344 se
153 2283 352 2358 accesserint,
391 2282 421 2344 in
452 2282 574 2344 honore
606 2281 668 2344 sint
699 2302 801 2365 neque
833 2281 896 2346 ullo
929 2284 1045 2363 gaudio
1078 2285 1314 2366 percipientium

98 2397 247 2470 exceptae.
287 2389 420 2452 miscent
445 2389 527 2450 enim
551 2387 617 2452 illas
641 2397 673 2450 et
696 2389 899 2472 interponunt
921 2390 1003 2452 uitae
1020 2397 1054 2452 ut
1070 2389 1180 2453 ludum
1196 2391 1313 2453 iocum-

72 2509 82 2559 :l
97 2516 149 2576 que
178 2497 256 2558 inter
288 2497 376 2558 seria.
423 2494 568 2558 desinant
600 2515 677 2576 ergo
702 2496 959 2571 ¹inconnenientia
989 2495 1117 2578 iungere
1148 2505 1179 2559 et
1200 2497 1315 2560 uirtuti
1330 2515 1356 2556 n

97 2601 281 2686 uoluptatem
308 2601 463 2684 inplicare,
485 2622 542 2684 per
557 2603 645 2683 quod
663 2602 769 2664 uitium
787 2602 931 2684 pessimis
947 2603 1123 2684 quibusque
1139 2603 1314 2668 adulantur.

96 2708 139 2770 ille
162 2707 279 2771 effusus
303 2709 333 2770 in
357 2707 553 2790 uoluptates,
586 2709 800 2771 ructabundus
824 2729 950 2791 semper
974 2717 1068 2790 atque
1092 2709 1211 2784 ebrius,
1242 2711 1315 2791 quia

96 2816 145 2878 scit
174 2836 207 2878 se
238 2835 311 2880 cum
336 2815 500 2898 uoluptate
524 2817 645 2890 uiuere,
676 2816 776 2878 credit
800 2824 831 2879 et
855 2837 925 2878 cum
951 2817 1073 2879 uirtute.
1119 2816 1207 2877 audit
1230 2817 1313 2878 enim

7 2993 9 3004 Ξ
98 2923 282 3006 uoluptatem
307 2925 444 3004 separari
469 2943 487 2984 a
511 2925 624 2984 uirtute
648 2942 712 2984 non
736 2943 839 3005 posse.
880 2923 994 2984 deinde
1018 2923 1097 2984 uitiis
1114 2922 1175 2984 suis
1192 2923 1313 3004 sapien-

15 3052 19 3062 ·
72 3029 163 3092 ltiam
193 3029 332 3094 inscribit
363 3038 394 3092 et
425 3029 652 3092 abscondenda
674 3028 847 3110 profitetur.
894 3030 999 3111 itaque
1023 3047 1086 3090 non
1110 3028 1151 3090 ab
1176 3028 1354 3110 Epicuron

99 3134 196 3216 inpulsi
217 3136 423 3210 luxuriantur,
446 3136 504 3198 sed
528 3135 608 3198 uitiis
632 3134 729 3198 dediti
753 3134 907 3198 luxuriam
932 3156 1021 3198 suarn
1044 3136 1075 3197 in
1098 3134 1316 3217 philosophiae
1364 3147 1366 3152 ’

99 3241 156 3304 sinu
177 3244 377 3308 abscondunt
401 3250 433 3304 et
456 3262 495 3304 eo
519 3249 717 3317 concurrunt,
741 3241 793 3304 ubi
816 3243 944 3304 audiant
968 3241 1086 3307 laudari
1110 3241 1316 3324 uoluptatem.

100 3368 149 3410 nec
169 3351 350 3424 aestimant,
374 3349 520 3431 uoluptas
543 3347 595 3410 illa
617 3347 758 3429 Epicuri,
792 3349 835 3412 ita
858 3350 940 3411 eninr
966 3370 1017 3411 me
1041 3337 1182 3410 hercules
1206 3349 1316 3426 sentio,

8 3503 9 3506 ,
100 3474 182 3534 quam
203 3456 311 3519 sobria
334 3475 371 3518 ac
393 3456 475 3518 sicca
498 3455 545 3530 sit,
569 3456 628 3516 sed
651 3456 692 3516 ad
708 3475 826 3518 nomen
842 3455 944 3538 ipsum
961 3455 1113 3518 aduolant
1128 3464 1316 3537 quaerentes

116 3613 226 3622 ·-—..

105 3697 113 3748 l
136 3686 308 3768 concoquenies
333 3700 392 3755 cod.
418 3703 581 3767 conquirentis
607 3701 689 3772 uulpo
834 3701 849 3754 3
878 3719 891 3751 e
916 3709 1030 3766 suggestu
1056 3717 1126 3750 rosae
1153 3699 1314 3772 Gronouim,

7 3777 8 3814 1
102 3791 218 3850 spectantis
241 3788 370 3845 Fickert:
401 3805 569 3842 7successuros
595 3791 745 3856 expectantis
765 3791 790 3857 (7
811 3789 837 3844 t'n
851 3790 918 3854 ras.)
1027 3788 1042 3842 7
1068 3789 1115 3838 hos
1140 3807 1191 3840 esse
1211 3787 1312 3858 Nectar

102 3875 142 3926 hoc
159 3895 207 3930 esse
310 3877 325 3932 9
352 3881 509 3930 interuenient
530 3876 628 3933 Gertz:
650 3880 712 3929 inter
731 3879 829 3929 ueniunt
930 3879 960 3932 11
986 3879 1160 3928 nichilominus
1180 3877 1268 3945 (minus
1287 3877 1315 3930 itt

102 4019 158 4084 ras.)
246 4022 279 4074 12
303 4021 435 4087 penitentie
528 4020 559 4074 13
586 4022 683 4086 longer
777 4021 806 4072 lh
833 3975 1020 4072 insanislsamre
1110 4021 1209 4070 remisse

107 4103 131 4157 16
153 4125 313 4175 compress5q3
439 4109 470 4164 17
497 4116 569 4176 utque
683 4111 797 4174 arcersitp
921 4107 952 4162 18
977 4110 1122 4160 accesserint
1148 4106 1312 4160 deteriores:

104 4201 234 4248 accerserint
258 4215 343 4264 nequi
453 4197 485 4252 19
510 4201 644 4265 iocuqur
771 4199 800 4251 21
830 4199 968 4264 quibusq3r
1093 4196 1126 4250 22
1152 4197 1315 4246 ructabundus

104 4332 212 4406 Lipsius:
238 4343 406 4408 ruptabundus
426 4341 452 4410 (u
465 4357 513 4412 pr.
533 4341 560 4394 in
580 4343 647 4409 rae.)
739 4339 772 4394 23
797 4357 823 4390 se
841 4347 874 4392 cll
901 4339 937 4409 (in
957 4341 1023 4405 ras.)
1115 4338 1150 4392 24
1170 4295 1225 4388 uitis
1294 4367 1297 4374 ·

105 4423 132 4478 28
149 4430 254 4480 estimant
