3184 5318
305 337 400 382 DIAL.
411 337 460 382 Vll.
488 337 529 379 Ab
545 337 722 380 GALLIONEM
740 339 778 379 DE
793 337 863 379 vr'l'h
878 337 985 383 ΒΕΑΤΑ.
1016 342 1047 384 li.
1066 341 1096 383 10.
1260 346 1320 408 169

110 504 158 547 nec
185 482 317 546 timorist
348 483 451 546 aditus
483 503 541 546 nec
571 483 622 547 ulli
654 485 713 560 rei,
743 505 825 566 quae
856 485 992 550 deterius
1022 486 1136 548 summi
1167 485 1242 548 boni
1275 486 1321 548 ius

7 579 9 590 ²
110 591 195 653 iaciat.
232 591 403 653 escendere
427 598 533 653 autem
556 589 609 652 illo
632 590 701 654 sola
723 593 821 655 uirtus
844 601 960 674 potest.
1000 591 1078 655 illius
1101 595 1201 674 gradu
1225 593 1322 656 cliuus

8 769 9 784 χ
108 701 157 760 iste
177 695 366 778 frangendus
390 705 446 760 est.
478 696 543 762 ·illa
565 696 687 762 sortiter
710 699 805 762 stabit
828 709 860 763 et
883 700 1034 782 quidquid
1058 701 1212 776 euenerit,
1243 700 1322 765 seret

109 826 161 866 non
182 805 302 886 patiens
326 795 458 879 tantum,
481 806 538 868 sed
562 806 656 868 etiam
681 805 799 881 uolens,
824 815 1017 888 omne'mque
1040 817 1220 889 temporum
1242 807 1320 870 disfi-

8 901 9 960 1
108 912 242 974 cultatem
266 911 344 975 sciet
367 910 472 992 legem
498 931 566 974 esse
590 920 728 987 naturae,
752 921 792 988 et,
816 921 850 974 ut
865 914 969 976 bonus
986 913 1074 976 miles
1090 912 1168 977 ieret
1185 913 1348 990 uolnera,u

107 1017 290 1082 enumerabit
313 1017 480 1094 cicatrices,
504 1028 536 1082 et
559 1020 830 1083 transuerberatus
853 1019 922 1082 telis
947 1001 1084 1084 moriens
1105 1021 1224 1085 amabit
1241 1041 1322 1097 eurn,
1424 1027 1427 1034 '

8 1145 9 1166 ¹
106 1145 239 1208 proquo
263 1126 373 1200 cadet,
404 1126 644 1207 imperatorem,
676 1124 806 1190 habebit
837 1125 911 1190 illud
934 1129 964 1190 in
988 1128 1093 1190 animo
1117 1137 1208 1190 uetus
1232 1148 1321 1209 prae-

8 1215 9 1224 *
81 1242 238 1315 iceptum:
281 1231 377 1294 deum
416 1253 555 1313 sequere.
602 1233 740 1314 quisquis
779 1243 885 1297 autem
924 1237 1062 1315 queritur
1094 1244 1125 1296 et
1156 1234 1260 1314 plorat
1291 1243 1323 1296 et

106 1341 202 1420 gemit,
226 1341 382 1421 imperata
405 1338 508 1402 lacere
531 1341 561 1402 ui
585 1343 708 1421 cogitur
731 1351 762 1404 et
787 1341 899 1404 inuitus
923 1342 1040 1423 rapitur
1055 1343 1096 1404 ad
1112 1342 1195 1403 iussa
1211 1341 1321 1404 nihilo-

8 1437 10 1520 }
107 1447 203 1508 minus.
250 1466 332 1527 quae
362 1454 469 1510 autem
501 1447 661 1510 dementia
692 1457 740 1510 est
763 1449 867 1529 potius
891 1448 971 1510 trahi
995 1468 1091 1530 quam
1115 1450 1222 1530 sequi?
1256 1457 1321 1514 tam
1339 1467 1362 1507 ru

9 1637 10 1642 η
107 1573 149 1614 me
170 1552 310 1616 hercules
333 1573 429 1634 quarn
454 1552 582 1616 stultitia
606 1562 637 1616 et
661 1555 818 1634 ignoratio
839 1555 1030 1618 condicionis
1047 1563 1094 1617 est
1111 1575 1186 1617 suae
1203 1555 1322 1630 dolere,

9 1711 10 1732 ,
105 1659 180 1739 quod
204 1661 295 1722 deest
318 1659 433 1740 aliquid
457 1660 513 1723 tibi
537 1669 591 1722 aut
615 1661 722 1723 incidit
746 1661 858 1737 durius,
882 1681 982 1743 aeque
1007 1662 1110 1724 mirari
1126 1670 1180 1724 aut
1196 1663 1323 1743 indigne

9 1755 10 1760 ¹
106 1764 174 1828 ferre
205 1787 259 1842 ea,
292 1787 375 1848 quae
405 1777 471 1830 tam
503 1767 595 1830 bonis
631 1769 777 1832 accidunt
807 1788 902 1850 quam
935 1769 1042 1848 malie,
1079 1768 1211 1831 morbos
1242 1769 1322 1843 dico,

9 1917 10 1920 ,
105 1872 219 1942 lunera.
250 1872 428 1936 debilitates
453 1883 485 1936 et
508 1882 615 1936 cetera
639 1893 681 1936 ex
704 1884 885 1938 transuerso
908 1876 938 1936 in
963 1877 1058 1938 uitam
1083 1873 1254 1939 humanam
1279 1878 1321 1938 in-

9 2009 10 2016 *
79 1981 256 2043 lcurrentia.
290 1981 443 2061 quidquid
468 2001 509 2042 ex
534 1981 667 2044 uniuersi
690 1983 915 2044 constitutione
930 1983 1114 2063 patiendum
1132 1991 1188 2058 est,
1205 2003 1323 2064 magno
1340 2001 1363 2042 rs

104 2088 277 2168 suscipiatur
300 2087 414 2149 animo.
461 2087 588 2170 adhoc
611 2097 843 2151 sacramentum
867 2089 970 2152 adacti
993 2109 1109 2163 sumus,
1134 2088 1214 2151 serre
1237 2109 1321 2152 mor-

104 2192 168 2256 talia
189 2213 247 2255 nec
269 2193 446 2275 perturbari
469 2197 512 2270 iis,
535 2215 616 2276 quae
640 2197 738 2257 uitare
761 2217 825 2258 non
849 2205 897 2258 est
920 2205 1050 2262 nostrae
1071 2192 1245 2278 potestatis.
1292 2197 1322 2258 in

104 2320 194 2381 regno
215 2302 281 2364 nati
305 2321 412 2363 sumus
468 2303 531 2364 deo
555 2322 665 2384 parere
689 2302 816 2365 libertas
840 2312 897 2366 est.

80 2413 88 2464 1
184 2408 269 2470 XVI.
317 2407 405 2489 Ergo
436 2410 466 2470 in
497 2409 610 2470 uirtute
641 2409 752 2490 posita'
776 2418 823 2473 est
855 2429 929 2472 uera
959 2409 1104 2474 felicitas:
1138 2411 1213 2491 quid
1245 2409 1325 2473 haec

105 2514 152 2576 tibi
181 2515 277 2577 uirtus
308 2515 473 2577 suadebit?
511 2535 551 2577 ne
582 2517 657 2596 quid
688 2525 742 2578 aut
773 2516 893 2579 bonum
926 2526 979 2580 aut
1011 2518 1127 2580 malum
1153 2518 1324 2592 existimes,
1338 2533 1364 2574 ru

104 2622 182 2700 quod
211 2642 270 2683 nec
301 2622 416 2684 uirtute
439 2641 497 2684 nec
521 2622 638 2685 malitia
662 2626 833 2704 continget.
881 2625 1010 2699 deinde,
1045 2633 1078 2687 ut
1101 2626 1142 2686 sis
1166 2623 1324 2687 inmobilis

77 2735 133 2789 ‘iet
154 2738 261 2792 contra
285 2727 403 2791 malum
427 2738 459 2791 et
483 2751 524 2792 ex
549 2731 645 2805 bono,
669 2739 704 2792 ut
726 2751 789 2812 qua
812 2730 858 2794 ias
883 2741 939 2806 est,
963 2733 1058 2794 deum
1075 2731 1214 2811 effingas.
1246 2733 1323 2813 quid

104 2833 152 2896 tibi
174 2856 230 2916 pro
254 2835 315 2898 hac
338 2837 543 2920 expeditione
565 2839 740 2919 promittit?
765 2838 904 2918 ingentia
927 2849 958 2900 et
980 2857 1081 2919 aequa
1096 2838 1221 2900 diuinis:
1249 2836 1323 2899 nihil

88 2945 232 3023 ¹cogeris,
264 2941 350 3005 nullo
373 2933 542 3022 indigebiS‚
575 2943 752 3019 libereris,
777 2952 878 3032 tutuS,
903 2945 1066 3007 indemnis
1113 2944 1187 3006 nihil
1210 2944 1324 3006 frustra

7 3035 9 3088 3
104 3050 273 3130 temptabis,
297 3047 372 3110 nihil
394 3049 620 3130 prohibeberis
645 3052 752 3113 omnia
775 3052 831 3114 tibi
855 3072 897 3112 ex
921 3051 1218 3114 sententiacedent.
1249 3050 1323 3113 nihil
1338 3067 1363 3108 ra

77 3155 263 3217 3aduersum
296 3157 433 3230 accidet,
469 3155 543 3219 nihil
575 3165 685 3219 contra
716 3159 898 3238 opinionem
930 3177 967 3220 ac
997 3157 1201 3220 uoluntatem.
1248 3159 1323 3238 quid

104 3265 192 3340 ergo?
223 3263 320 3325 uirtus
351 3261 392 3324 ad
423 3262 516 3324 beate
548 3265 718 3326 uiuendum
749 3264 881 3326 sufficit?
912 3264 1053 3347 perfecta
1073 3264 1134 3327 illa
1163 3274 1196 3328 et
1220 3265 1324 3327 diuina

103 3369 202 3446 quidni
232 3368 381 3444 sufficiat,
412 3370 511 3432 immo
534 3370 727 3452 superfluat?
758 3373 834 3453 quid
858 3373 940 3434 enim
965 3373 1077 3434 deesse
1100 3379 1208 3454 potest
1231 3380 1323 3433 extra

106 3493 305 3502 —-·-—.—--..

187 3565 200 3615 1
221 3564 304 3614 timori
324 3565 353 3612 sit
372 3561 423 3617 sed
440 3564 470 3614 sit
490 3562 516 3615 in
536 3545 592 3619 ras.
607 3563 667 3617 eod.
683 3567 798 3615 timorist
814 3563 906 3632 Gertz,
926 3580 986 3619 eum
1003 3565 1175 3635 superiorum
1189 3562 1322 3618 editorum

105 3649 199 3720 aliquot
218 3653 355 3703 detrahitur
372 3650 399 3704 in
420 3654 562 3702 detrahatur
574 3660 723 3706 mutassent
807 3653 823 3708 3
842 3655 958 3720 quicquid
1043 3655 1058 3708 5
1078 3655 1177 3704 uulnera
1191 3657 1216 3721 (u
1230 3660 1256 3707 ei
1269 3672 1283 3704 a
1297 3654 1324 3706 in

7 3775 8 3780 κ
106 3741 168 3808 ras.)
257 3741 356 3794 danie
375 3747 398 3792 et
417 3739 514 3795 leniter
532 3741 706 3810 interpunxit
726 3740 811 3797 Gertz
902 3743 998 3796 iillud
1018 3744 1045 3810 (d
1064 3758 1136 3798 corr.
1157 3759 1195 3796 ex
1214 3745 1233 3800 tl

7 3817 8 3820 ¹
108 3829 135 3881 11
160 3837 181 3880 et
206 3833 331 3896 ignoratio
350 3828 445 3884 Haase
470 3839 493 3881 et
519 3833 658 3896 ignorantia
683 3830 781 3901 uulgo:
808 3837 832 3882 et
857 3834 970 3897 ignorata
996 3831 1076 3898 (salis
1100 3848 1200 3901 magna
1225 3830 1324 3886 lacuna

106 3916 131 3970 in
145 3918 198 3987 fine
210 3918 318 3986 uastas)
404 3920 489 3969 dolere
502 3918 580 3973 dere:
602 3920 688 3970 dolore
774 3918 807 3972 12
819 3923 887 3985 quod
899 3922 967 3972 deest
980 3918 1109 3990 Madvig:
1129 3922 1196 3987 quod
1209 3927 1244 3970 est

106 4007 180 4074 eliquit
205 4010 224 4076 (t
250 4023 323 4062 corr.
349 4007 388 4070 in¹
402 4009 429 4074 d)
454 4010 499 4058 ribi
526 4007 600 4072 aad„
630 4023 690 4062 aum
715 4010 760 4060 tibi
785 4007 868 4079 aulea
892 4009 1033 4064 omittatur
1153 4008 1183 4061 15
1208 4011 1324 4074 quicquid

187 4097 219 4151 16
237 4099 383 4164 suscipiatur
401 4094 511 4150 Haase:
531 4115 574 4148 usu
594 4100 709 4164 eripiatur
799 4115 880 4148 sumus
899 4096 997 4169 uulgo:
1019 4115 1126 4148 summus
1218 4097 1249 4151 17
1268 4115 1323 4163 per·

107 4186 176 4236 iuberi
266 4185 300 4239 19
325 4188 388 4236 haec
408 4187 453 4236 tibi
473 4188 546 4237 uirtus
565 4185 625 4241 eod.
645 4202 725 4256 qaam
744 4187 911 4257 scripturam
930 4202 981 4241 aar
999 4185 1112 4241 vIiieiceri
1130 4186 1275 4240 rrraiauerii
1294 4186 1321 4239 in

107 4274 160 4325 haec
181 4278 254 4326 uirtus
279 4276 325 4325 tibi
349 4290 403 4330 nan
428 4272 554 4344 intellego
577 4291 664 4346 neque
683 4276 783 4344 alapis,
809 4284 838 4330 ai
857 4291 891 4330 ae
912 4275 993 4330 Gertz
1013 4275 1134 4345 quidem,
1159 4289 1210 4329 cur
1227 4273 1322 4330 Haase

108 4363 171 4414 uirtus
188 4362 362 4420 abiciendum
381 4364 516 4418 censuerit
606 4364 640 4418 20
658 4367 748 4431 nequid
769 4365 795 4433 (d
809 4380 847 4419 ex
860 4371 869 4414 t
882 4365 966 4431 corr.)
1057 4365 1090 4418 22
1110 4371 1132 4414 et
1152 4382 1180 4414 ex
1194 4361 1319 4438 Madue'q:

109 4467 132 4500 ex
214 4455 248 4508 24
268 4455 395 4504 libereris
414 4462 476 4505 tutus
497 4453 618 4524 (praeter
637 4456 672 4505 lib
690 4455 781 4508 amnia
800 4453 826 4504 in
846 4454 913 4521 ras.)
