3212 5318
316 347 396 392 mat.
407 345 436 390 Χ.
465 345 506 386 AD
521 345 676 386 Pavttrtvtt
692 343 731 385 DE
746 343 915 386 BREVlTATE
929 341 1027 385 vitat).
1059 343 1089 384 11.
1107 343 1138 384 ll.
1274 348 1336 410 233

124 495 197 556 uotis
220 493 409 556 mendicant.
456 492 594 554 minores
617 499 691 554 natu
716 489 801 571 ipsos
825 509 894 552 esse
918 488 1047 570 fingunt.
1093 489 1260 552 mendacio
1281 489 1339 552 sibi

123 600 317 664 blandiuntur
341 607 461 664 ettam
486 597 620 662 libenter
642 618 677 660 se
701 595 809 660 fallunt
833 617 929 678 quam
953 597 977 658 si
1002 615 1063 658 una
1087 594 1150 658 sata
1173 595 1339 677 decipiant.

122 708 177 769 iam
201 728 277 769 uero
301 705 465 770 cum.illos
489 684 592 788 aliqua
612 703 794 768 inbecillitas
815 703 1016 767 mortalitatis
1032 705 1205 778 admonuit,
1228 725 1338 786 quem-

121 814 292 876 admodum
316 823 467 894 pauentes
492 810 679 888 moriuntur,
703 831 766 874 non
791 821 954 892 tamquam
979 819 1096 872 exeant
1119 809 1159 874 de
1183 811 1258 886 uita,
1282 813 1340 876 sed

120 929 279 1000 tamquam
299 919 513 984 extrahantur.
560 917 673 982 stultos
690 938 724 980 se
741 917 841 992 luisse,
865 917 996 999 quinon
1013 917 1156 992 uixerint,
1180 915 1340 982 clamitant
1368 933 1380 972 ⁶

120 1035 164 1102 et,
194 1029 219 1089 si
253 1027 353 1090 modo
384 1027 539 1090 euaserint
563 1047 605 1088 ex
630 1025 679 1088 illa
703 1025 897 1100 ualetudine,
930 1023 960 1086 in
983 1024 1051 1087 otio
1075 1023 1218 1086 uicturos.
1266 1032 1341 1088 tunc

119 1153 207 1214 quam
232 1133 348 1197 frustra
370 1136 564 1216 parauerint‚
596 1132 709 1214 quibus
733 1152 798 1194 non
821 1129 1011 1204 fruerentur,
1041 1151 1138 1211 quam
1162 1130 1192 1192 in
1216 1151 1339 1194 cassum

91 1241 216 1308 romnis
249 1240 405 1304 ceciderit.
425 1239 531 1316 labor,
564 1239 713 1320 cogitant.
759 1247 792 1302 at
823 1237 934 1321 quibus
965 1237 1029 1302 uita
1057 1236 1165 1320 procul
1189 1237 1230 1300 ab
1253 1239 1340 1300 omni

120 1348 246 1428 negotio
277 1347 394 1428 agitur,
425 1347 532 1428 quidni
556 1347 697 1428 spatiosa
719 1345 780 1408 sit?
820 1343 894 1408 nihil
917 1363 959 1406 ex
983 1342 1034 1406 illa
1056 1344 1235 1424 delegatur,
1267 1343 1340 1406 nihil

119 1453 176 1516 alio
198 1462 297 1535 atque
320 1452 382 1516 alio
405 1454 576 1534 spargitur,
600 1451 674 1516 nihil
699 1452 772 1514 inde
796 1450 940 1514 fortunae
964 1449 1111 1526 traditur,
1136 1449 1209 1513 nihil
1233 1449 1339 1530 negle-
1358 1461 1380 1504 ¹⁰

119 1562 221 1640 geutia
254 1561 373 1635 interit,
403 1559 478 1622 nihil
508 1559 672 1640 largitione
700 1557 891 1633 detrahitur,
921 1557 994 1620 nihil
1017 1571 1246 1639 superuacuum
1270 1565 1338 1622 est:

117 1677 197 1743 tota,
222 1676 258 1731 ut
282 1667 325 1730 ita
349 1668 467 1742 dicam,
495 1668 525 1728 in
549 1668 651 1730 reditu
675 1675 731 1728 est.
778 1665 1062 1766 quantulacumque
1086 1665 1192 1746 itaque
1215 1664 1341 1728 abunde

116 1773 224 1838 sufficit
257 1783 290 1837 et
314 1775 403 1850 ideo,
434 1775 627 1856 quandoque
650 1772 777 1836 ultimus
801 1773 867 1836 dies
891 1773 1026 1848 uenerit,
1057 1791 1121 1834 non
1145 1771 1342 1836 cunctabitur

116 1883 237 1964 sapiens
262 1884 306 1944 ire
330 1879 369 1944 ad
394 1889 531 1944 mortem
556 1889 643 1944 certo
668 1881 778 1962 gradu.

92 2003 97 2053 1
202 1988 273 2051 XII.
306 1987 438 2070 Quaeris
463 1987 606 2062 tortasse,
629 2008 709 2069 quos
733 1995 907 2070 occupatos
931 1989 1063 2050 uocem?
1102 2006 1166 2050 non
1189 1995 1237 2049 est
1253 1986 1341 2067 quod
1359 1995 1382 2034 ¹⁶

116 2116 164 2158 me
187 2093 277 2158 solos
301 2103 393 2177 putes
414 2095 528 2168 dicere,
552 2115 632 2175 quos
653 2115 671 2156 e
687 2093 814 2158 basilica
829 2094 946 2156 inmissi
962 2094 1092 2156 demum
1109 2113 1203 2156 canes
1219 2093 1341 2166 eiciunt,

116 2223 191 2284 quos
224 2211 280 2264 aut
310 2204 340 2265 in
371 2223 427 2264 sua
458 2202 546 2264 uides
578 2201 671 2264 turba
702 2201 873 2282 speciosius
904 2199 974 2262 elidi
1004 2208 1058 2263 aut
1088 2200 1118 2262 in
1141 2198 1242 2263 aliena
1266 2219 1339 2261 con-

116 2311 284 2390 temptiuS,
320 2329 400 2390 quos
432 2307 535 2372 officia
566 2308 714 2372 domibus
745 2308 807 2370 suis
838 2289 988 2382 euocant,
1020 2315 1054 2370 ut
1085 2305 1191 2370 alienis
1222 2304 1342 2370 foribus

116 2413 250 2491 nlidant,
283 2435 361 2495 quos
392 2413 483 2478 hasta
514 2417 669 2495 praetoris
700 2413 806 2478 inlami
838 2413 924 2476 lucro
949 2399 981 2476 et
1004 2413 1197 2495 quandoque
1220 2433 1337 2495 suppu-

85 2532 221 2591 rraturo
253 2530 391 2585 exercet.
437 2523 637 2604 quorundam
662 2521 769 2600 ‚otium
803 2528 992 2604 occupatum
1024 2530 1090 2583 est:
1125 2521 1156 2582 in
1188 2518 1259 2582 uilla
1289 2529 1343 2582 aut
1357 2530 1383 2570 2⁰

119 2630 145 2692 in
169 2629 254 2692 lecto
279 2649 346 2702 suo,
371 2631 402 2692 in
425 2630 529 2692 media
553 2628 728 2703 solitudine,
753 2628 896 2710 quamuis
919 2628 960 2690 ab
982 2627 1128 2692 omnibus
1150 2626 1343 2702 recesserint,

117 2737 173 2798 sibi
206 2736 265 2818 ipsi
297 2733 421 2798 molesti
445 2743 535 2799 sunt:
570 2755 705 2816 quorum
730 2755 793 2797 non
817 2737 922 2798 otiosa
946 2735 1009 2798 uita
1032 2735 1167 2798 dicenda
1191 2743 1255 2809 est,
1286 2735 1343 2804 sed

117 2840 1367 2924 mfflmawmffloifflmmmmmumaewffifflmmpmw,

118 2969 186 3011 rum
211 2947 316 3011 surore
339 2951 486 3030 pretiosa,
510 2951 605 3012 anxia
627 2948 800 3032 suptilitate
822 2951 989 3012 concinnat
1005 2957 1038 3012 et
1054 2949 1205 3012 maiorem
1222 2948 1344 3012 dierum

118 3065 242 3136 partem
274 3056 304 3118 in
336 3057 528 3136 aeruginosis
559 3055 690 3118 lamellis
721 3059 896 3120 consumit?
935 3057 1040 3139 quiin
1064 3065 1225 3118 ceromate
1249 3059 1384 3136 (nam,²⁵

114 3183 171 3244 pro
196 3162 324 3238 lacinus,
350 3182 390 3226 ne
414 3163 568 3226 Romanis
590 3165 720 3244 quidem
745 3164 825 3226 uitiis
841 3162 1035 3240 laboramus)
1053 3171 1215 3245 spectator
1230 3181 1342 3243 puero-

115 3290 182 3330 rum
215 3272 385 3332 rixantium
414 3270 526 3332 sedet?
553 3270 617 3353 ¹qui
647 3273 823 3333 uinctorum
848 3291 976 3334 suorum
1000 3289 1114 3352 greges
1138 3270 1168 3332 in
1192 3269 1342 3333 aetatium

84 3385 145 3445 aet
169 3375 313 3440 colorum
337 3377 425 3459 paria
448 3378 588 3441 diducit?
627 3379 679 3458 qui
702 3377 837 3440 athletas
861 3377 1072 3440 nobilissimos
1095 3376 1217 3459 pascit?
1249 3374 1342 3456 quid?

114 3482 183 3545 illos
214 3484 336 3546 otiosos
367 3503 477 3558 uocas,
508 3484 621 3564 quibus
652 3485 737 3566 apud
768 3492 931 3548 tonsorem
964 3483 1083 3547 multae
1114 3481 1212 3546 horae
1243 3492 1342 3546 trans-

119 3689 295 3796 lnatuseipsos
387 3689 462 3796 lingunt
553 3733 611 3784 ter
631 3737 682 3781 tam
702 3729 765 3784 olim
785 3745 873 3785 corat:
895 3733 945 3784 etia
1035 3730 1116 3795 bqui
1135 3725 1257 3798 Madulq,
1276 3731 1344 3794 quod

117 3869 174 3924 El:
195 3881 217 3922 ut
311 3873 480 3924 tiualitudine
572 3831 763 3926 tincashonl
849 3873 881 3927 10
901 3827 960 3940 adqz
1048 3872 1080 3926 ’16
1100 3872 1229 3924 ebasilica
1245 3869 1341 3924 Gertz:

115 3961 232 4011 abasilica
349 3963 451 4013 demur
565 3961 598 4014 18
623 3965 713 4026 suisr¹
812 3962 841 4015 lll
866 3980 927 4028 quos
946 3965 1016 4012 hasta
1039 3959 1184 4015 Pincianus
1204 3963 1254 4027 (aut
1272 3961 1344 4010 hasta

1006 4062 1019 4090 ll

116 4098 256 4173 Madulplr
279 4104 350 4154 hasta
441 4103 475 4155 20
501 4063 575 4154 inulla
666 4105 699 4158 21
727 4108 834 4170 pretiosa
925 4107 1039 4156 concinat
1129 4101 1163 4156 25
1183 4103 1344 4168 ineruginosis

213 4193 287 4242 inche
300 4208 370 4242 roma
383 4197 447 4244 tenr't.
468 4194 609 4258 prolacinus
699 4193 733 4246 26
752 4201 875 4258 spectator
895 4191 953 4247 El:
974 4197 1079 4244 sectator
1169 4192 1203 4246 21
1222 4192 1289 4242 sedet
1309 4191 1343 4258 (et

116 4277 223 4344 iuras.)
310 4279 344 4334 27
358 4281 494 4332 uinctorum
509 4281 680 4352 Bonqarsr'us
694 4283 867 4350 (iumentorum
883 4280 991 4347 Gertalr
1013 4284 1120 4340 iunctott
1192 4281 1227 4334 28
1240 4281 1344 4330 athletas

117 4367 152 4429 (at
173 4369 254 4437 corr.)
358 4371 525 4420 nobilissimos
539 4369 614 4424 Koch
630 4371 782 4437 (notissimos
795 4369 918 4442 blasius:
940 4373 1009 4422 nouis
1022 4371 1084 4422 cibis
1099 4368 1240 4438 Mudrrr'ql:
1261 4370 1342 4419 uouis-

117 4457 193 4506 simos
282 4457 316 4512 29
336 4473 411 4508 uocas
430 4459 451 4526 (s
470 4475 543 4514 corr.
564 4475 602 4513 erc
622 4459 640 4527 t)
725 4467 782 4526 aput
802 4459 821 4528 (r
841 4475 913 4514 corr.
933 4461 959 4513 r'rr
979 4461 1005 4525 d)
1101 4483 1109 4500 ·
