3184 5318
241 360 322 403 mnu.
338 359 378 405 lx.
407 361 448 402 at)
463 359 605 402 statuum
621 359 661 402 DE
675 359 942 413 TRANQvtuttmt
955 359 1054 404 autin.
1082 362 1101 406 θ.
1117 363 1136 404 'l.
1235 365 1298 430 203

82 513 167 586 petas
197 525 257 568 nec
289 514 459 588 expectes,
491 506 594 568 donec
623 509 728 569 res'te
751 505 925 582 dimittant,
956 507 1013 568 sed
1037 506 1077 568 ab
1101 505 1157 568 illis
1180 514 1213 570 te
1235 506 1302 587 ipse

82 612 230 694 diiungas

56 732 64 782 l
140 701 220 782 ¹VI.
260 718 417 800 Inspicere
440 727 546 781 autem
570 717 759 781 debebimus
782 717 919 800 primum
943 719 1163 801 nosmetipsos,
1187 719 1302 782 deinde

81 843 226 905 eaquae
250 824 475 906 adgrediemur
497 825 634 906 negotia,
659 823 773 888 deinde
797 845 861 901 eos,
885 845 1021 907 quorum
1045 845 1139 889 causa
1161 833 1214 890 aut
1230 845 1301 888 cum

3 941 4 944 ’
80 930 195 1012 quibus.
1315 944 1328 986 t

53 1049 65 1100 2
164 1035 255 1100 Ante
285 1037 392 1100 omnia
422 1055 551 1100 necesse
581 1045 630 1102 est
653 1057 688 1100 se
710 1037 814 1119 ipsum
837 1036 1020 1113 aestimare,
1050 1037 1124 1120 quia
1146 1035 1211 1100 fere
1232 1036 1302 1119 plus

80 1142 169 1206 nobis
204 1143 350 1206 uidemur
382 1163 478 1225 posse
508 1164 604 1227 quam
635 1163 820 1226 possumus:
856 1141 932 1206 alius
962 1142 1160 1227 eloquentiae
1190 1135 1338 1206 fiducia‘

81 1245 259 1328 prolabitur,
283 1248 359 1316 alius
382 1251 574 1330 patrimonio
598 1271 656 1314 suo
679 1250 750 1332 plus
772 1249 938 1331 imperauit
960 1270 1056 1332 quam
1081 1248 1161 1314 lerre
1184 1257 1303 1331 posset,

3 1407 4 1446 3
81 1354 152 1416 alius
191 1353 350 1420 infirmum
388 1376 503 1438 corpus
541 1357 701 1420 laborioso
740 1357 898 1439 oppressit
936 1355 1051 1420 officio.
1102 1357 1301 1439 quorundam

80 1481 187 1540 parum
211 1461 329 1525 idonea
352 1471 399 1526 est
422 1463 611 1527 uerecundia
633 1463 727 1526 rebus
750 1462 900 1539 ciuilibus,
924 1483 1005 1544 quae
1025 1461 1148 1526 firmam
1165 1460 1301 1525 lrontem
1318 1475 1342 1516 1⁰

80 1568 266 1632 desiderant.
312 1570 512 1651 quorundam
544 1569 743 1633 contumacia
766 1589 830 1632 non
853 1568 926 1632 iacit
949 1571 991 1632 ad
1014 1568 1127 1632 aulam.
1172 1567 1301 1652 quidam

3 1685 5 1768 ζ
80 1695 138 1737 non
171 1673 292 1738 babent
324 1673 400 1737 iram
432 1676 463 1737 in
493 1685 656 1758 potestate
686 1685 718 1740 et
741 1675 810 1740 illos
833 1677 875 1739 ad
898 1676 1065 1740 temeraria
1086 1676 1185 1738 uerba
1207 1693 1302 1756 quae-

3 1787 5 1824 l
80 1779 152 1844 libet
175 1779 351 1862 indignatio
374 1779 474 1846 effert.
512 1777 641 1864 quidam
666 1781 877 1846 urbanitatem
900 1783 1041 1844 nesciunt
1065 1781 1225 1844 continere
1245 1801 1303 1844 nec
1412 1769 1421 1784 ’

3 1907 4 1930 ³
80 1886 257 1968 periculosis
280 1887 438 1950 abstinent
461 1887 585 1952 salibus.
617 1889 763 1952 omnibus
786 1887 834 1952 his
857 1888 960 1951 utilior
982 1889 1111 1970 negotio
1127 1889 1216 1970 quies
1236 1897 1299 1950 est:

3 2035 4 2040 η
81 1992 167 2056 ferox
199 1993 417 2077 inpatiensque
448 2003 560 2058 natura
589 1995 789 2059 inritamenta
819 1996 981 2058 nociturae
1013 1994 1166 2058 libertatis
1197 1995 1302 2058 euitet.
1320 2005 1343 2046 ¹⁵

54 2099 275 2162 3aestimanda
305 2109 377 2164 sunt
407 2101 522 2164 deinde
545 2101 628 2182 ipsa,
660 2122 741 2182 quae
764 2101 984 2182 adgredimur,
1015 2110 1048 2164 et
1071 2102 1152 2163 uires
1175 2107 1304 2162 nostrae

81 2225 146 2268 cum
178 2205 291 2282 rebus,
329 2227 408 2289 quas
439 2208 624 2289 temptaturi
655 2227 778 2283 sumus,
815 2207 1045 2289 conparandae.
1091 2205 1189 2272 debet
1220 2205 1303 2267 enim

81 2331 203 2394 semper
233 2311 305 2395 plus
336 2333 405 2409 esse
436 2313 546 2376 uirium
578 2315 609 2376 in
639 2312 741 2380 latore
771 2334 867 2396 quam
898 2313 929 2375 in
952 2333 1057 2375 onere.
1103 2331 1233 2375 necesse
1256 2318 1304 2373 est

54 2403 259 2499 lopprimant
290 2438 402 2496 onera,
433 2439 514 2499 quae
546 2419 666 2484 serente
690 2421 810 2483 maiora
832 2428 912 2482 sunt.
958 2419 1116 2501 quaedam
1140 2427 1304 2500 praeterea

82 2543 141 2586 non
172 2533 239 2588 tarn
253 2607 256 2613 Ι
272 2545 389 2607 magna
418 2534 491 2590 suut
521 2527 651 2608 negotia
680 2547 777 2608 quarn
807 2525 942 2590 secunda
973 2524 1182 2608 [multumque
1204 2543 1302 2606 nego·
1318 2537 1344 2578 2⁰

82 2631 192 2693 tiorum
216 2630 339 2711 leruntl,
363 2639 395 2694 et
418 2619 497 2695 haec
520 2632 703 2714 refugienda
725 2640 812 2709 sunt,
841 2653 883 2695 ex
906 2633 1019 2714 quibus
1038 2645 1123 2694 noua
1137 2632 1304 2711 occupatio

83 2736 310 2820 multiplexque
333 2746 485 2801 nascetur.
531 2758 590 2801 nec
613 2740 829 2802 accedendum
853 2758 909 2815 eo,
937 2741 1020 2801 unde
1043 2738 1121 2800 liber
1144 2757 1304 2818 regressus

4 2887 5 2892 η
83 2845 221 2908 nonsit:
256 2845 291 2906 iis
315 2844 517 2908 admouenda
539 2865 650 2908 manus
674 2853 738 2921 est,
769 2865 905 2928 quorum
928 2845 1024 2908 finem
1045 2853 1102 2908 aut
1124 2842 1227 2906 lacere
1249 2851 1305 2905 aut

84 2960 163 3012 certe
186 2971 314 3031 sperare
336 2951 447 3032 possis.
493 2950 707 3032 relinquenda,
730 2971 811 3034 quae
835 2952 926 3015 latius
950 2960 1022 3015 actu
1044 2950 1224 3033 procedunt
1246 2969 1304 3011 nec
1319 3016 1344 3056 η

84 3055 132 3118 ubi
154 3058 358 3139 proposueris
382 3058 535 3121 desinunt.

59 3169 67 3220 l
168 3163 238 3226 VII.
285 3163 459 3227 Hominum
492 3164 599 3245 utique
629 3163 761 3228 dilectus
785 3163 949 3227 habendus
974 3172 1037 3226 est:
1071 3183 1111 3225 an
1135 3163 1221 3244 digni
1244 3163 1305 3225 sint

84 3267 191 3348 quibus
221 3279 346 3350 partem
378 3271 461 3334 uitae
492 3279 620 3334 nostrae
651 3272 875 3351 inpendamus,
912 3289 951 3332 an
982 3271 1023 3334 ad
1054 3267 1122 3332 illos
1152 3270 1306 3350 temporis

85 3375 178 3438 nostri
208 3378 329 3439 iactura
358 3377 527 3458 perueniat
573 3377 703 3458 quidam
734 3377 817 3440 enim
849 3375 931 3438 ultro
959 3374 1062 3438 officia
1083 3374 1174 3437 nobis
1198 3383 1306 3438 nostra

47 3488 69 3540 '2
84 3479 231 3561 inputant.
277 3481 508 3545 Athenodorus
539 3483 582 3545 ait
611 3503 651 3546 ne
682 3483 723 3545 ad
754 3501 865 3546 cenam
896 3482 1025 3564 quidem
1055 3501 1090 3544 se
1120 3483 1235 3544 iturum
1263 3482 1305 3544 ad

86 3606 171 3663 eum,
200 3587 253 3670 qui
284 3588 343 3650 sibi
374 3587 415 3650 nil
445 3609 503 3671 pro
534 3587 597 3650 hoc
627 3587 789 3651 debiturus
819 3589 877 3652 sit:
912 3597 990 3672 puto
1021 3586 1173 3669 intellegis
1204 3587 1345 3649 multon

86 3693 183 3755 minus
216 3695 259 3756 ad
295 3713 352 3756 eos
382 3693 514 3770 iturum,
550 3695 615 3777 quis
633 3714 705 3758 cum
735 3695 908 3781 amicorum
939 3691 1049 3757 officiis
1079 3695 1166 3775 paria
1196 3713 1305 3756 mensa
1411 3687 1415 3696 ’

87 3795 211 3876 iaciunt,
247 3800 301 3882 qui
331 3798 456 3864 fericula
485 3820 545 3883 pro
576 3801 740 3883 congiariis
771 3810 954 3877 numerant,
990 3801 1079 3884 quasi
1109 3801 1140 3862 in
1170 3800 1305 3864 alienum

88 3991 314 4059 suosmetipsos
377 3993 382 4004 '
404 3991 420 4045 7
444 3991 582 4058 eloquentia
602 3993 627 4061 (a
646 3989 672 4046 in
693 4009 723 4044 ee
741 3990 824 4060 corr.)
915 3991 931 4046 9
956 3993 1077 4058 oppressit
1097 3989 1198 4061 Neap.:
1219 3991 1306 4056 pressit

172 4079 205 4134 10
223 4081 321 4132 firmam
341 4077 397 4134 Ei:
419 4082 524 4146 primam
616 4081 649 4135 13
669 4082 735 4132 effert
756 4080 858 4150 Neap.:
880 4082 951 4132 ossert
1043 4079 1073 4132 tt
1094 4081 1214 4146 apstinent
1233 4077 1259 4149 (p
1277 4077 1305 4130 in

88 4167 200 4235 bcorr.)
311 4169 342 4221 15
366 4169 485 4220 libertatis
504 4171 576 4221 euitet
595 4168 759 4224 deteriores:
780 4171 899 4222 libertatis
917 4172 1022 4222 seuit.et
1133 4167 1164 4220 18
1185 4170 1207 4218 ἰη
1227 4168 1306 4217 latore

90 4251 244 4312 Pincianus:
266 4259 375 4309 innctore
465 4259 489 4308 in
509 4275 582 4310 onere
601 4258 766 4314 deteriores:
787 4261 855 4310 inore
945 4259 979 4312 20
998 4264 1048 4308 tam
1069 4255 1233 4311 deteriores:
1254 4257 1304 4306 inm
1363 4266 1376 4289 ⁸

172 4349 320 4414 multumque
337 4349 491 4413 negotiorum
512 4348 589 4400 lerunt
609 4349 699 4416 (serunt
712 4344 848 4416 Muretus)
867 4348 946 4402 uncis
964 4345 1064 4401 inclusi
1079 4343 1154 4415 quod
1172 4346 1223 4400 uix
1238 4360 1304 4416 pro·

88 4449 162 4518 secia
176 4459 237 4508 sunl
255 4473 273 4509 α
292 4454 426 4525 emptore
537 4454 570 4509 31
591 4456 690 4506 adeosrr
781 4455 815 4511 32
833 4436 934 4522 fericula
1005 4453 1128 4521 congiaris
