3212 5326
447 369 526 414 DIAL.
542 369 568 414 V.
598 369 704 412 balan
720 369 831 415 unul.
862 373 893 418 111.
909 373 943 414 20.
1246 375 1305 438 103

94 540 148 603 quo
168 522 309 583 notiores
332 527 412 594 sunt,
436 519 505 601 plus
528 520 558 581 in
582 518 764 600 exemplum
789 519 1110 600 emendationemque
1133 516 1307 598 proficiant.

71 637 121 696 ,iet
140 626 196 690 hoc
220 625 295 690 loco
319 625 560 709 respondebitur
591 627 684 689 mihi:
710 627 799 708 quod
822 635 912 689 tanto
939 645 1038 708 opere
1061 623 1236 700 admiraris,
1260 625 1309 687 isti

96 731 191 796 beluae
230 735 424 798 cotidianum
456 741 513 796 est.
566 733 608 796 ad
638 732 702 796 hoc
731 735 821 810 uiuit,
858 733 899 796 ad
929 731 992 796 hoc
1022 731 1145 814 uigilat,
1176 730 1217 794 ad
1245 729 1308 793 hoc

95 839 231 904 lucubrat.
279 861 375 904 nemo
400 849 484 904 certe
508 842 680 903 inuenietur
703 837 788 915 alius,
811 841 864 922 qui
886 827 1086 920 imperauerit
1103 836 1249 901 omnibus
1264 839 1308 912 iis,

96 949 119 1008 in
139 967 213 1028 quos
238 949 447 1011 animaduerti
470 947 613 1034 iubebat,
645 967 682 1010 os
705 949 821 1008 inserta
844 949 979 1028 spongia
1001 945 1129 1021 includi,
1159 965 1199 1007 ne
1223 946 1335 1007 uocisa

96 1056 276 1118 emittendae
307 1054 460 1118 haberent
489 1053 681 1118 facultatem.
728 1056 775 1117 cui
807 1073 958 1136 umquam
990 1055 1143 1116 morituro
1175 1059 1310 1114 nonest

96 1161 224 1224 relictum
247 1182 312 1244 qua
327 1163 491 1243 gemeret?
522 1163 633 1236 timuit,
657 1181 697 1224 ne
713 1181 809 1243 quam
825 1160 1001 1223 liberiorem
1019 1179 1132 1222 uocem
1149 1167 1311 1222 extremus

96 1267 175 1332 dolor
205 1270 360 1344 mitteret,
392 1288 432 1330 ne
462 1269 537 1350 quid
568 1268 656 1353 quod
688 1267 786 1330 nollet
818 1268 947 1330 audiret.
993 1267 1113 1330 sciebat
1137 1275 1243 1329 autem
1266 1269 1310 1328 in·

70 1389 81 1440 l
96 1375 289 1440 numerabilia
312 1395 390 1452 esse,
413 1394 495 1457 quae
519 1375 644 1439 obicere
661 1374 700 1437 illi
716 1395 811 1438 nemo
828 1377 883 1438 nisi
899 1377 1053 1456 periturus
1069 1375 1199 1438 auderet
1240 1393 1311 1436 cum

95 1485 238 1564 spongiae
267 1503 332 1545 non
363 1484 584 1556 inuenirentur‚
616 1484 714 1545 scindi
747 1485 934 1545 uestimenta
957 1485 1142 1545 miserorum
1166 1489 1198 1544 et
1221 1483 1251 1542 in
1275 1501 1312 1542 os
1330 1495 1352 1535 1⁰

95 1586 182 1652 sarciri
212 1609 339 1672 pannos
366 1591 550 1671 imperauit:
591 1609 672 1672 quae
703 1592 763 1652 ista
794 1591 923 1652 saeuitia
946 1591 1015 1650 est?
1054 1587 1145 1650 liceat
1168 1587 1312 1651 ultimum

95 1695 224 1776 spiritum
248 1696 389 1758 trahere:
429 1695 471 1758 da
493 1699 634 1776 exiturae
657 1699 780 1759 animae
803 1696 917 1758 locum.
956 1694 1047 1758 liceat
1070 1693 1153 1756 illam
1178 1715 1241 1756 non
1257 1714 1313 1776 per

69 1801 196 1865 luolnus
229 1805 383 1865 emittere.
438 1804 562 1866 adicere
593 1804 640 1866 his
673 1803 803 1884 longum
836 1812 897 1878 est,
933 1804 1020 1883 quod
1050 1811 1157 1885 patres
1188 1821 1314 1883 quoque

96 1911 262 1972 occisorum
287 1909 399 1972 eadem
423 1918 517 1973 nocte
540 1911 675 1973 dimissis
698 1930 755 1992 per
780 1912 896 1972 domos
913 1908 1145 1972 centurionibus
1161 1906 1311 1970 coniecit:

95 2016 121 2077 id
141 2025 201 2092 est,
233 2015 335 2078 homo
359 2017 534 2080 misericors
562 2016 645 2080 luctu
670 2015 819 2080 liberauit.
866 2037 930 2079 non
953 2019 1036 2079 enim
1061 2015 1120 2078 Gai
1143 2016 1314 2090 saeuitiam,
1332 2029 1354 2070 ¹⁵

96 2123 143 2184 sed
165 2126 237 2198 irae,
263 2125 461 2205 propositum
485 2132 533 2186 est
557 2123 754 2186 describere:
789 2143 871 2206 quae
887 2144 950 2185 non
966 2131 1089 2186 tantum
1114 2123 1226 2184 uiritim
1243 2121 1315 2183 surit

95 2231 144 2291 sed
173 2238 287 2311 gentes
319 2238 405 2292 totas
433 2229 580 2305 lancinat,
611 2231 668 2292 sed
692 2229 785 2292 urbes
809 2239 842 2292 et
865 2229 993 2292 flumina
1016 2238 1048 2291 et
1071 2237 1139 2292 tuta
1162 2228 1204 2291 ab
1227 2227 1315 2290 omni

97 2355 180 2400 sensu
203 2336 324 2400 doloris
348 2336 564 2401 conuerberat.

72 2455 79 2506 l
178 2443 250 2506 XX.
290 2441 342 2506 Sic
372 2463 429 2505 rex
461 2443 626 2507 Persarum
658 2445 754 2506 totius
783 2443 891 2526 populi
915 2463 1006 2506 nares
1029 2443 1137 2506 recidit
1161 2443 1191 2504 in
1215 2441 1315 2524 Syria,

99 2551 174 2612 unde
196 2549 413 2613 Rhinocolura
435 2549 508 2613 loco
531 2570 649 2614 nomen
674 2561 729 2613 est.
775 2553 954 2632 pepercisse
977 2549 1062 2613 illum
1078 2551 1202 2626 iudicas,
1226 2549 1314 2632 quod
1329 2560 1355 2600 2⁰

91 2635 157 2718 ¹non
186 2665 257 2720 tota
280 2660 392 2739 capita
421 2659 594 2738 praecidit?
638 2677 722 2719 nouo
754 2677 870 2738 genere
900 2677 1025 2744 poenae
1056 2655 1230 2720 delectatus
1259 2665 1315 2720 est.

71 2760 155 2826 itale
191 2763 306 2845 aliquid
345 2763 428 2845 passi
459 2763 562 2827 forent
593 2762 790 2846 Aethiopes,
827 2766 880 2846 qui
911 2764 953 2825 ob
985 2761 1202 2844 longissimum
1235 2765 1317 2824 uitae

99 2871 227 2948 spatium
252 2869 472 2934 Macrobiotae
503 2869 709 2952 adpellantur.
755 2873 784 2933 in
808 2869 868 2932 hos
890 2871 987 2944 enim,
1019 2871 1178 2952 quianon
1202 2869 1317 2950 supinis

100 2975 236 3038 manibus
268 2985 462 3058 exceperant
490 2980 673 3040 seruitutem
706 2979 868 3058 missisque
899 2976 1009 3058 legatis
1040 2976 1138 3039 libera
1166 2995 1318 3056 responsa

100 3082 256 3158 dederant,
280 3103 362 3165 quae
385 3084 615 3148 contumeliosa
638 3104 728 3166 reges
752 3093 881 3159 uocant,
906 3083 1084 3164 Cambyses
1108 3081 1263 3146 fremebat
1287 3090 1319 3145 et
1333 3091 1359 3132 ‘2⁵

99 3207 158 3250 non
181 3191 312 3270 prouisis
336 3190 577 3266 commeatibus,
600 3211 665 3254 non
689 3190 862 3271 exploratis
886 3189 1053 3266 itineribus,
1077 3210 1134 3272 per
1149 3191 1237 3264 inuia,
1262 3208 1320 3270 per

100 3298 212 3359 arentia
241 3295 390 3361 trahebat
421 3317 550 3360 omnem
581 3295 666 3360 bello
699 3295 805 3360 utilem
837 3297 978 3372 turbam,
1011 3299 1059 3360 cui
1081 3299 1162 3360 intra
1184 3298 1320 3378 primum

100 3399 154 3462 iter
184 3403 314 3466 deerant
338 3404 512 3466 necessaria
535 3424 593 3466 nec
616 3406 783 3486 quicquam
807 3403 1064 3467 subministrabat
1087 3403 1197 3466 sterilis
1221 3411 1252 3465 et
1276 3403 1319 3464 in-

72 3519 84 3569 l
101 3506 179 3572 culta
200 3508 402 3593 humanoque
425 3511 536 3592 ignota
559 3511 693 3591 uestigio
717 3513 813 3591 regio
859 3509 1055 3574 sustinebant
1078 3509 1194 3573 samem
1219 3511 1321 3592 primo

100 3616 263 3680 tenerrima
292 3614 451 3680 frondium
476 3627 508 3680 et
529 3617 691 3681 cacumina
715 3618 873 3693 arborum,
905 3625 972 3680 turn
997 3618 1082 3679 coria
1105 3619 1178 3697 igne
1200 3615 1321 3679 mollita
1336 3625 1361 3666 ³0

102 3727 131 3782 et
166 3724 316 3805 quidquid
354 3726 523 3787 necessitas
560 3722 663 3786 cibum
695 3708 822 3787 lecerat
853 3733 1045 3806 ,postquam
1077 3725 1157 3786 inter
1188 3723 1322 3786 harenas

105 3897 308 3908 Ἢ-

108 4019 343 4086 lquonotioressunt
446 4025 694 4090 emendationemque
795 4027 810 4076 ii
830 4042 937 4090 unquam
956 4023 998 4093 (un
1017 4026 1101 4091 cortu)
1197 4025 1323 4089 tinequid

105 4107 131 4172 (d
150 4110 226 4178 corr.)
337 4111 367 4165 11
388 4113 474 4178 εςιιὶῑία
586 4113 616 4165 12
635 4115 739 4180 puulnus
831 4113 862 4166 13
887 4130 923 4181 q*
1032 4113 1064 4167 15
1085 4115 1109 4163 id
1129 4119 1164 4164 est
1183 4110 1321 4166 Muretus:

105 4215 171 4265 adest
261 4193 323 4268 luem
422 4218 454 4272 15
474 4219 523 4269 Gai
543 4219 580 4287 (in
600 4236 686 4290 marg.
707 4237 740 4272 m.
761 4223 776 4272 t
796 4236 819 4276 c.
839 4222 900 4287 gaji)
988 4219 1039 4275 '18
1059 4221 1229 4272 comuerberat

105 4301 136 4356 21
157 4320 231 4369 penae
319 4305 354 4360 22
373 4308 453 4359 forent
472 4309 583 4375 ethiopes
602 4311 676 4380 (post
694 4311 772 4360 forent
790 4311 858 4376 ros.)
966 4309 999 4363 23
1019 4309 1200 4377 macrobiotae]
1221 4325 1276 4359 mac
1297 4325 1324 4358 ro

106 4391 164 4456 bide
263 4397 416 4462 appellantur
524 4397 558 4450 26
584 4399 703 4464 periinuia
729 4398 747 4464 (i
770 4399 862 4468 prima
886 4397 949 4466 del.)
1065 4399 1099 4452 ‘28
1124 4399 1324 4466 subministrabat

108 4479 134 4544 (b
151 4481 233 4549 prium
250 4489 352 4554 pittacio
371 4489 463 4538 raotola
483 4489 508 4539 el
527 4501 613 4556 stupra
633 4505 646 4536 u
664 4487 754 4556 ponito
774 4485 883 4556 lineola)
