3212 5318
267 375 346 422 mni..
362 373 400 422 XI,
430 377 471 419 ΑΙ)
486 375 622 420 ΗΕῑΝΙΑΜ
637 373 768 420 MATREM
783 375 824 420 DE
838 373 1082 422 consolatione
1114 379 1145 424 10.
1254 379 1317 448 257

17 509 18 514 ἵ
80 539 87 590 1
181 523 223 585 X.
253 524 341 586 Bene
363 541 441 605 ergo
466 523 594 588 exilium
619 524 689 588 tulit
713 523 879 588 Marcellus
902 545 962 588 nec
983 526 1150 608 quicquam
1166 525 1196 589 in
1212 526 1319 589 animo

16 667 18 714 ς
103 633 157 694 eius
181 633 317 695 mutauit
340 631 399 694 loci
423 633 570 708 mutatio,
599 634 742 714 quamuis
766 651 836 694 eam
861 619 1029 715 paupertas
1053 642 1243 713 sequeretur.
1288 633 1319 694 ln

102 759 154 818 qua
185 737 260 800 nihil
286 737 359 800 mali
382 757 467 814 esse,
498 739 636 821 quisquis
661 739 759 802 modo
783 740 924 802 nondum
949 739 1090 821 peruenit
1112 741 1142 802 in
1166 739 1318 802 insaniam

16 857 17 866 ¹
102 845 199 908 omnia
223 845 435 909 subuertentis
458 846 606 909 auaritiae
629 855 724 928 atque
748 845 905 922 luxuriae,
928 845 1089 928 intellegit.
1135 846 1318 930 quantulum
1344 897 1348 906 .

102 952 176 1013 enirn
201 961 260 1027 est,
284 953 371 1034 quod
394 953 424 1014 in
448 951 579 1016 tutelam
603 951 738 1015 hominis
762 953 971 1015 necessarium
995 955 1056 1016 sit?
1087 961 1119 1016 et
1140 953 1187 1016 cui
1208 955 1320 1016 deesse
1347 984 1359 1022 s

77 1057 155 1124 thoe
186 1067 296 1140 potest
327 1057 422 1121 ullam
451 1060 551 1122 modo
579 1059 726 1122 uirtutem
751 1057 900 1122 habenti?
940 1060 1027 1140 quod
1050 1061 1092 1122 ad
1117 1079 1168 1122 me
1191 1061 1320 1141 quidem

102 1166 246 1246 pertinet,
286 1165 435 1246 intellego
474 1186 525 1228 me
565 1185 628 1228 non
669 1185 749 1248 opes
787 1166 843 1228 sed
882 1167 1106 1248 occupationes
1137 1167 1320 1248 perdidisse.

101 1273 237 1355 corporis
268 1273 385 1354 exigua
416 1272 571 1335 desideria
601 1282 693 1336 sunt:
727 1270 823 1352 frigus
847 1271 1029 1336 submoueri
1053 1272 1134 1346 uolt,
1166 1273 1320 1337 alimentis

15 1381 16 1392 ¹
102 1379 227 1469 samem
244 1399 282 1441 ac
312 1379 393 1441 sitim
425 1379 620 1460 extinguere.
666 1379 819 1461 quidquid
843 1389 935 1441 extra
957 1381 1201 1461 concupiscitur,
1232 1381 1320 1455 uitiis,

14 1465 17 1562 f
101 1507 158 1549 non
183 1485 291 1548 usibus
315 1485 482 1549 laboratur.
527 1505 592 1548 non
609 1493 657 1548 est
673 1505 802 1548 necesse
817 1505 913 1549 omne
929 1486 1113 1567 perscrutari
1129 1485 1319 1567 profundum
1338 1515 1360 1556 ιο

14 1585 16 1612 l
85 1597 152 1655 *nec
175 1603 284 1674 strage
308 1591 487 1655 animalium
511 1601 654 1656 uentrem
678 1611 810 1655 onerare
833 1612 892 1655 nec
915 1591 1080 1673 conchylia
1103 1591 1201 1656 ultimi
1226 1597 1321 1656 maris

14 1749 16 1772 ,
102 1720 136 1762 ex
159 1700 270 1780 ignoto
294 1698 385 1762 litore
408 1719 534 1762 eruere:
570 1699 602 1762 di
625 1699 703 1761 istos
725 1700 867 1781 deaeque
882 1701 1026 1780 perdant,
1049 1719 1184 1780 quorum
1199 1697 1322 1762 luxuria

14 1780 15 1820 ³
77 1819 88 1866 :r
102 1815 160 1868 tam
192 1805 338 1869 inuidiosi
368 1807 488 1889 imperii
516 1805 594 1867 lines
618 1807 820 1870 transcendit.
868 1805 948 1868 ultra
972 1805 1086 1869 Phasin
1111 1808 1182 1890 capi
1203 1806 1321 1882 uolunt,

14 1975 15 1978 ,
102 1914 181 1994 quod
205 1893 408 1975 ambitiosam
433 1912 584 1994 popinam
608 1913 748 1988 instruat,
772 1933 830 1975 nec
853 1915 941 1996 piget
965 1933 983 1974 a
1006 1913 1144 1988 Parthis,
1167 1933 1186 1974 a
1209 1914 1321 1996 quibus

13 1997 16 2106 s
103 2021 238 2082 nondum
262 2037 382 2101 poenas
403 2019 591 2102 repetiimus,
615 2039 690 2082 aues
706 2028 823 2104 petere.
862 2020 1001 2101 undique
1018 2019 1198 2082 conuehunt
1215 2021 1322 2082 omnia
1339 2048 1361 2086 rs

13 2109 14 2150 1
103 2136 171 2189 nota
202 2127 314 2206 agnota
345 2124 512 2188 fastidienti
544 2125 645 2208 gulae.
691 2128 778 2208 quod
803 2127 973 2190 dissolutus
998 2127 1114 2189 deliciis
1137 2125 1322 2190 stomachus

13 2233 15 2284 ἕ
104 2233 150 2295 uix
172 2233 332 2307 admittat,
355 2231 396 2294 ab
421 2231 531 2295 ultimo
555 2241 699 2314 portatur
715 2231 856 2296 Oceano.
895 2243 1027 2296 uomunt
1047 2243 1081 2295 ut
1097 2233 1199 2307 edant,
1224 2235 1321 2296 edunt

13 2365 15 2420 3
104 2349 133 2401 ut
154 2347 300 2414 uomant,
325 2348 357 2401 et
381 2337 502 2422 epulas,
526 2360 604 2421 quas
627 2348 699 2402 toto
723 2340 801 2402 orbe
824 2341 1018 2421 conquirunt,
1043 2359 1101 2403 nec
1124 2360 1321 2422 concoquere

104 2447 275 2526 dignantur.
321 2446 380 2507 ista
403 2447 428 2509 si
451 2447 520 2529 quis
543 2447 685 2528 despicit,
709 2447 783 2527 quid
806 2447 847 2509 illi
871 2458 1040 2530 paupertas
1063 2450 1177 2509 nocet?
1207 2449 1233 2509 si
1253 2449 1321 2530 quis

104 2553 303 2636 concupiscit,
326 2551 366 2614 illi
389 2562 558 2635 paupertas
582 2555 677 2616 etiam
701 2555 839 2634 prodest.
887 2555 1000 2616 inuitus
1024 2556 1104 2617 enim
1130 2563 1258 2616 sanatur
1281 2563 1321 2630 et,
1336 2571 1386 2620 20¹

105 2658 126 2720 si
154 2660 295 2722 remedia
325 2679 365 2722 ne
395 2669 525 2722 coactus
556 2660 684 2740 quidem
716 2660 841 2742 recipit,
878 2661 1001 2723 interim
1034 2670 1119 2723 certe
1149 2662 1227 2723 dum
1258 2681 1322 2723 non

77 2769 206 2846 lpotest
236 2764 333 2841 uelle,
365 2765 484 2828 nolenti
516 2765 622 2828 similis
651 2775 707 2828 est.
754 2763 789 2828 C.
814 2765 946 2842 Caesar,
977 2787 1072 2850 quem
1102 2767 1176 2829 mihi
1199 2767 1323 2830 uidetur

105 2891 200 2934 rerum
224 2881 337 2934 natura
360 2873 504 2947 edidisse,
528 2881 562 2934 ut
585 2873 778 2949 ostenderet,
802 2875 876 2954 quid
900 2893 1025 2936 summa
1049 2874 1122 2936 uitia
1144 2875 1174 2936 in
1198 2894 1323 2935 summa

105 2977 222 3042 lortuna
244 2988 385 3060 possent,
409 2981 524 3042 centies
547 2982 693 3042 sestertio
717 2980 840 3042 cenauit
864 3001 927 3042 uno
952 2981 1010 3044 die.
1057 2981 1142 3042 etin
1166 2981 1228 3044 hoc
1252 3001 1320 3042 om-

105 3085 183 3147 nium
213 3086 337 3148 adiutus
367 3085 493 3167 ingenio
517 3089 570 3148 uix
594 3095 701 3149 tamen
725 3087 857 3162 inuenit,
887 3089 1054 3169 quomodo
1078 3089 1171 3150 trium
1195 3088 1320 3169 prouin·
1336 3113 1361 3153 aa

76 3193 89 3240 τ’)
106 3191 216 3254 ciarum
240 3191 391 3254 tributum
417 3211 478 3254 una
501 3213 579 3255 cena
602 3192 698 3256 fieret.
745 3213 765 3256 o
790 3192 995 3268 miserabiles,
1024 3213 1158 3275 quorum
1182 3193 1322 3276 palatum

106 3296 157 3358 nisi
179 3299 219 3360 ad
242 3299 399 3380 pretiosos
423 3298 511 3361 cibos
526 3320 590 3361 non
607 3301 780 3362 excitatur!
813 3301 970 3381 pretiosos
987 3310 1093 3363 autem
1110 3321 1173 3362 non
1190 3301 1323 3362 eximius

105 3421 194 3485 sapor
216 3415 270 3468 aut
293 3403 396 3486 aliqua
419 3404 552 3469 saucium
577 3405 722 3482 dulcedo,
746 3408 802 3470 sed
826 3407 935 3469 raritas
959 3415 991 3468 et
1012 3405 1177 3470 difficultas
1193 3407 1323 3490 parandi

106 3507 180 3572 lacit.
225 3511 340 3594 alioqui
362 3513 388 3574 si
412 3514 453 3575 ad
476 3533 586 3575 sanam
610 3512 666 3576 illis
692 3522 831 3576 mentem
856 3512 979 3596 placeat
1000 3514 1122 3590 reuerti,
1145 3514 1221 3596 quid
1243 3534 1323 3596 opus

112 3670 178 3678 ——--
208 3674 296 3679 -.-...

113 3809 211 3862 ltulit*
230 3810 333 3876 (littera
351 3815 444 3880 erasa)
536 3814 731 3866 bnecessarium
752 3823 773 3864 st
794 3811 875 3868 Gertz
973 3775 1064 3878 tine
1148 3791 1235 3884 &ugit

109 3895 124 3946 9
140 3893 249 3968 quicquid
270 3903 295 3969 (c
308 3916 346 3956 ex
360 3903 376 3952 d
390 3904 474 3966 corr.)
567 3904 598 3956 12
619 3905 652 3952 rlii
749 3903 782 3955 15
801 3905 941 3969 repetiimus
960 3902 1084 3976 lipsius:
1106 3908 1235 3972 repetimus

110 3987 221 4094 comdant
312 4043 345 4097 16
371 4050 429 4094 nota
448 4045 531 4110 ignota
549 4042 650 4108 Gertz:
671 4051 730 4096 nota
826 4046 859 4101 17
884 3991 978 4097 aririttat
998 4049 1032 4112 (d,
1051 4057 1080 4100 ut
1098 4045 1215 4111 uidetur,
1235 4067 1268 4102 m.
1279 4064 1323 4120 pr.

842 4119 856 4142 r

110 4187 249 4252 suprascr.)
363 4185 396 4237 18
423 4163 482 4252 qua⁵
503 4187 524 4253 (s
543 4203 576 4242 m.
591 4185 649 4256 pr.)
754 4135 1077 4259 conigiiii‘e'lsuprascr.
1097 4207 1129 4244 m.
1149 4192 1216 4258 rac.)

112 4271 138 4321 21
163 4274 245 4340 recipit
266 4271 323 4330 El:
345 4277 436 4340 recepit
545 4277 579 4329 ‘22
605 4281 685 4342 potest
703 4279 766 4328 uelle
784 4274 913 4348 Madut'p:
935 4289 1014 4343 potest
1034 4279 1076 4328 illa
1184 4281 1213 4335 C.
1233 4281 1326 4332 Caesar

112 4353 162 4411 El:
182 4363 212 4416 G.
231 4379 300 4428 cesar
319 4373 432 4429 augustus
558 4365 592 4418 23
618 4372 704 4416 natura
723 4367 829 4418 edidisse
852 4367 890 4434 (ra
908 4385 922 4419 e
940 4369 1023 4434 corr.)
1149 4367 1184 4422 28
1209 4379 1324 4435 saporaut

113 4475 146 4547 (ra
163 4489 241 4556 corr.)
333 4489 438 4539 saucium
458 4487 621 4545 deteriores:
643 4491 706 4542 leuci
726 4491 748 4550 (l
763 4497 847 4554 corr.)
919 4491 953 4545 29
974 4467 1061 4558 ali⁰qui
1081 4493 1109 4560 (o
1128 4510 1161 4546 m.
1180 4495 1235 4565 pr.)

1078 4580 1111 4636 17
