3212 5318
253 347 333 390 brat.
348 344 388 392 xl.
417 347 459 388 AD
474 345 610 390 HELVlAM
627 345 756 390 MATREM
773 345 812 390 ott
827 345 1070 393 consotartonc.
1100 351 1131 395 ill.
1241 351 1303 417 269

12 513 14 580 ᾗ
72 511 79 562 l
168 495 254 560 XIX.
295 495 474 558 Maximum
511 493 615 558 adhuc
648 493 799 558 solacium
830 502 919 558 tuum
950 503 1126 571 tacueram,
1164 517 1307 560 sororem

12 593 14 634 ²
95 613 175 678 tuam,
196 601 272 666 illud
296 602 510 666 fidelissimum
534 601 590 666 tibi
614 610 732 683 pectus,
756 601 786 664 in
809 602 897 682 quod
921 619 1031 666 omnes
1054 622 1147 666 curae
1162 613 1235 666 tuae
1250 623 1309 687 pro

13 767 14 794 ,
94 711 210 772 indiuiso
251 707 492 784 transferuntur,
529 707 615 772 illum
653 709 792 770 animum
825 707 971 772 omnibus
1002 709 1092 772 nobis
1123 719 1309 774 maternum.

94 818 232 880 cumbae
256 827 291 880 tu
314 816 457 879 lacrimas
480 825 550 879 tuas
574 815 729 888 miscuisti,
754 815 783 877 in
803 813 892 878 huius
909 797 1043 898 primuni
1061 818 1217 899 respirasti
1232 819 1308 881 sinu.

68 923 134 996 lilla
160 921 289 1006 quidem
320 922 461 986 adlectus
491 931 564 986 tuos
594 941 720 1005 semper
746 923 904 1006 sequitur:
938 924 967 984 in
1000 943 1071 987 mea
1102 933 1208 987 tamen
1238 945 1307 1007 per·
1337 947 1349 984 a

93 1050 158 1092 sona
186 1051 251 1092 non
283 1040 406 1094 tantum
436 1051 494 1114 pro
518 1039 551 1093 te
574 1028 669 1092 dolet.
715 1029 793 1092 illius
818 1029 960 1092 manibus
984 1031 1013 1092 in
1037 1031 1148 1093 urbem
1172 1031 1310 1112 perlatus

13 1129 14 1186 l
68 1121 157 1199 'sum
210 1137 289 1201 illius
325 1138 378 1220 pio
409 1147 617 1219 maternoque
647 1137 778 1200 nutricio
809 1155 866 1219 per
896 1137 1026 1220 longum
1057 1145 1184 1219 tempus
1215 1158 1309 1220 aeger

91 1243 230 1306 conualui.
277 1244 329 1306 illa
359 1263 416 1327 pro
447 1253 617 1328 quaestura
641 1263 713 1307 mea
736 1243 870 1324 gratiam
894 1264 982 1306 suam
1007 1243 1151 1308 extendit
1174 1253 1205 1307 et
1228 1265 1310 1326 quae

13 1345 14 1356 ’
91 1370 123 1412 ne
143 1353 296 1414 sermonis
319 1351 446 1433 quidem
471 1360 525 1415 aut
548 1351 651 1414 clarae
674 1350 867 1414 salutationis
890 1351 1033 1414 sustinuit
1055 1352 1227 1426 audaciam,
1252 1371 1310 1434 pro

91 1477 134 1520 me
154 1459 226 1520 uicit
251 1457 443 1538 induigentia
468 1459 699 1522 uerecundiam.
745 1457 819 1520 nihil
842 1457 883 1520 illi
906 1459 1071 1520 seductum
1097 1459 1179 1520 uitae
1202 1477 1309 1538 genus,
1327 1477 1350 1517 ιο

12 1561 13 1622 i
90 1563 152 1626 nillil
182 1565 343 1628 modestia
373 1566 403 1626 in
427 1573 515 1628 tanta
538 1564 723 1628 seminarum
747 1564 918 1646 petulantia
949 1565 1077 1640 rustica,
1110 1563 1182 1626 nihil
1213 1566 1310 1646 quies,

12 1665 13 1685 ³
89 1670 151 1734 nihil
173 1673 287 1734 secreti
312 1673 407 1734 etad
431 1673 530 1734 otium
554 1672 681 1752 repositi
706 1689 810 1734 mores
834 1671 1032 1746 obstiterunt,
1055 1691 1118 1752 quo
1135 1672 1236 1734 minus
1252 1691 1310 1754 pro

64 1797 133 1848 arne
154 1780 251 1842 etiam
275 1779 442 1841 ambitiosa
466 1761 563 1842 fieret'.
601 1777 663 1840 hoc
687 1786 744 1852 est,
768 1785 869 1840 mater
892 1777 1059 1850 carissima,
1081 1778 1230 1840 solacium
1247 1799 1311 1860 quo

89 1883 223 1948 reficiaris
235 1911 244 1948 :-
277 1885 318 1948 illi
340 1895 380 1960 te,
403 1894 556 1968 quantum
581 1894 685 1966 potes,
709 1885 811 1966 iunge,
834 1883 911 1946 illius
935 1885 1095 1947 artissimis
1111 1884 1311 1968 amplexibus

11 2077 12 2081 Ἰ
89 1991 190 2074 adliga
230 1990 334 2055 solent
358 2001 535 2054 maerentes
559 2011 603 2066 ea,
628 2011 709 2072 quae
726 1991 866 2054 maxime
882 1989 1022 2072 diligunt,
1047 1989 1155 2072 fugere
1171 2001 1204 2052 et
1220 1991 1309 2053 liber·
1329 2011 1350 2050 rs

88 2105 177 2162 tatem
210 2098 315 2161 dolori
345 2117 403 2160 suo
427 2117 596 2181 quaerere:
629 2106 664 2159 tu
688 2099 729 2160 ad
753 2097 837 2158 illam
861 2107 909 2171 te,
940 2097 1091 2178 quidquid
1116 2097 1311 2177 cogitaueris,

10 2185 12 2246 Ῐ
88 2205 193 2268 conier.
233 2208 299 2269 siue
322 2225 446 2268 seruare
469 2207 563 2268 istum
587 2203 731 2268 habitum
749 2204 837 2268 uoles
853 2205 918 2266 siue
935 2205 1104 2285 deponere,
1127 2205 1209 2285 apud
1227 2203 1310 2267 illam

61 2313 216 2380 tinuenies
249 2313 299 2374 uel
330 2311 424 2375 finem
455 2312 574 2375 doloris
605 2312 649 2374 tui
680 2310 729 2374 uel
761 2311 919 2377 comitem.
970 2312 1027 2372 sed
1059 2311 1084 2372 si
1113 2311 1310 2392 prudentiam

10 2443 11 2516 ζ
87 2419 325 2500 perfectissimae
348 2418 482 2482 feminae
506 2419 588 2493 noui,
612 2439 676 2480 non
699 2418 836 2500 patietur
851 2426 883 2480 te
898 2415 970 2478 nihil
987 2417 1151 2498 profuturo
1168 2437 1311 2481 maerore

88 2527 223 2589 consumi
255 2534 287 2588 et
318 2525 500 2607 exemplum
532 2525 588 2587 tibi
618 2545 727 2600 suum,
759 2527 843 2587 cuius
871 2543 934 2605 ego
957 2525 1051 2586 etiam
1075 2533 1236 2605 spectator
1259 2524 1310 2599 fui,
1325 2541 1350 2584 an

87 2633 227 2696 narrabit.
275 2631 467 2694 carissimum
488 2632 588 2694 uirum
612 2632 767 2700 amiserat,
791 2629 979 2693 auonculum
1003 2639 1155 2703 nostrum,
1179 2631 1228 2693 cui
1251 2633 1309 2694 uir-

8 2683 23 2766 i
88 2759 125 2819 go
147 2747 306 2822 nupserat,
330 2738 360 2801 in
384 2740 452 2822 ipsa
474 2737 603 2821 quidem
628 2739 846 2820 nauigatione:
881 2737 950 2802 tulit
973 2747 1080 2800 tamen
1097 2739 1212 2800 eodem
1229 2748 1309 2800 tem-

8 2883 9 2894 ,
87 2866 158 2926 pore
189 2839 233 2908 et'
253 2846 372 2908 luctum
405 2854 438 2907 et
469 2854 589 2908 metum
623 2845 793 2926 euictisque
825 2845 1067 2927 tempestatibus
1098 2865 1212 2928 corpus
1245 2848 1311 2908 eius

60 2951 233 3034 nnausraga
269 2953 384 3016 euexit.
438 2971 459 3013 o
491 2971 588 3034 quam
620 2951 793 3014 multorum
825 2951 953 3033 egregia
984 2971 1083 3035 opera
1113 2953 1143 3014 in
1174 2951 1311 3015 obscuro

86 3058 200 3121 iacent!
235 3059 261 3122 si
284 3059 356 3121 huic
379 3057 429 3121 illa
457 3058 592 3140 simplex
620 3058 813 3122 admirandis
837 3059 1002 3121 uirtutibus
1025 3059 1208 3140 contigisset
1232 3061 1309 3122 anti·
1325 3075 1350 3116 ²³

85 3167 192 3248 quitas,
215 3176 335 3248 quanto
359 3165 556 3246 ingeniorum
573 3166 743 3228 certamine
760 3164 970 3228 celebraretur
987 3185 1077 3240 uxor,
1101 3185 1189 3248 quae,
1214 3165 1312 3229 oblita

85 3273 303 3347 inbecillitatis,
327 3271 425 3335 oblita
448 3273 610 3335 metuendi
633 3274 728 3346 etiam
752 3271 935 3334 firmissimis
960 3273 1076 3348 maris,·
1102 3281 1197 3353 caput
1220 3293 1311 3335 suum

85 3379 225 3459 periculis
248 3397 308 3460 pro
332 3378 493 3460 sepultura
514 3379 630 3440 obiecit
654 3387 694 3454 et,
718 3381 795 3454 dum
819 3381 939 3460 cogitat
962 3380 1004 3441 de
1027 3381 1083 3442 uiri
1099 3378 1215 3455 sunere,
1239 3379 1311 3441 nihil
1383 3415 1388 3425 ·

86 3486 124 3548 de
147 3507 205 3548 suo
221 3471 345 3549 timuit?
376 3485 560 3548 nobilitatur
575 3485 764 3548 carminibus
780 3486 931 3561 omnium,
955 3506 1036 3568 quae
1052 3506 1086 3548 se
1102 3507 1161 3568 pro
1177 3487 1312 3567 coniuge

85 3593 229 3656 uicariam
259 3586 367 3655 dedit:
401 3591 463 3654 hoc
487 3591 619 3675 amplius
643 3600 707 3667 est,
736 3592 912 3654 discrimine
936 3593 1018 3656 uitae
1041 3594 1219 3674 sepulcrum
1244 3594 1311 3655 uiro
1325 3607 1351 3649 aa

56 3713 241 3780 lquaerere.
288 3698 390 3762 maior
412 3708 460 3762 est
483 3719 582 3776 amor,
605 3701 658 3780 qui
682 3700 748 3780 pari
771 3697 910 3782 periculo
935 3699 1036 3762 minus
1059 3699 1192 3762 redimit.
1238 3709 1312 3781 post

85 3805 147 3868 hoc
176 3825 272 3870 nemo
305 3807 449 3882 miratur,
481 3807 570 3888 quod
601 3826 657 3887 per
689 3805 825 3869 sedecim
850 3824 959 3882 annos,
983 3806 1096 3888 quibus
1121 3807 1309 3889 Aegyptum

88 3983 97 4034 1
119 3989 243 4033 tacueram
264 3981 430 4037 deteriores:
452 3994 522 4033 taceo
542 3987 585 4034 ert't
606 3981 642 4050 (tit
656 3997 743 4052 marq.
758 3999 789 4035 m.
806 3981 885 4050 iera)
977 3983 993 4036 ‘2
1013 3983 1072 4033 illud
1092 3983 1118 4049 (d
1138 3979 1222 4050 corr.)

85 4063 100 4113 4
120 4065 169 4114 hac
188 4064 225 4131 (in
244 4066 312 4130 ras.)
403 4063 418 4116 5
439 4065 538 4114 affectus
558 4063 650 4134 (prior
663 4063 674 4111 l
686 4065 769 4128 corr.)
860 4061 876 4116 7
895 4069 1033 4130 matemoq;
1056 4064 1092 4130 (q;
1113 4062 1310 4128 corneasque)

175 4141 322 4211 8queslura
412 4144 549 4197 ilaudatiti
643 4141 673 4194 12
692 4159 741 4208 quo
755 4146 796 4208 (uo
811 4143 894 4210 corr.)
983 4143 1014 4196 tn
1034 4144 1109 4207 alliga
1192 4156 1312 4193 merentes

176 4225 207 4278 iti
231 4241 332 4291 querere
440 4233 470 4290 et,
490 4222 565 4292 quod
581 4223 738 4293 superiores
764 4222 883 4277 editores
907 4227 970 4277 ante
994 4225 1111 4289 quidquid
1136 4221 1311 4287 addiderant,

87 4301 186 4357 deleuit
200 4302 281 4360 Gertz
365 4305 481 4370 quicquid
568 4303 600 4356 17
614 4305 679 4367 apud
693 4303 720 4368 (d
734 4307 818 4368 corr.)
905 4303 935 4356 2l
952 4305 1074 4354 auunculu
1089 4303 1193 4372 (prima
1203 4321 1217 4352 u
1229 4304 1311 4370 corr.)
1328 4305 1332 4313 ’

175 4383 208 4438 24
227 4387 347 4451 naufraga
359 4387 439 4436 euexit
453 4383 533 4437 detta
555 4385 699 4449 naufragae
718 4385 782 4434 uexit
873 4385 1003 4435 multorum
1019 4379 1116 4436 Gertz:
1131 4385 1232 4442 multati

86 4463 122 4518 30
142 4467 271 4532 sepulchrtl
362 4465 393 4518 31
414 4481 522 4530 querere.
