3212 5326
287 375 329 438 8⁴
677 370 756 412 DlAL.
772 373 811 414 iv.
839 374 880 414 DE
894 373 946 413 uta
962 373 1017 415 ΗΒ.
1032 373 1062 415 11.
1090 376 1124 416 36.

285 517 385 578 uideri
407 517 526 580 uolunt.
572 521 674 599 magis
704 518 780 581 illud
809 519 982 582 uidendum
1013 529 1077 604 joet,
1115 537 1212 600 quam
1243 517 1347 578 multis
1377 517 1426 576 ira
1454 521 1531 596 peri

285 644 321 685 se
354 625 506 686 nocuerit.
565 625 615 686 alii
658 626 756 688 nimio
793 624 918 688 feruore
959 645 1073 707 rupere
1114 645 1211 687 uenas
1252 634 1285 686 et
1321 620 1502 702 sanguinem

285 751 381 810 supra
403 732 485 794 uires
507 731 608 794 elatus
631 732 757 794 clamor
785 734 904 813 egessit
934 743 966 795 et
995 733 1148 794 luminum
1178 729 1317 792 subfudit
1346 729 1450 790 aciem
1477 728 1504 787 in

285 836 397 899 oculos
426 837 644 900 uehementius
675 859 768 901 umor
797 851 924 920 egestus
954 850 988 901 et
1016 841 1047 900 in
1078 838 1211 900 morbos
1233 837 1318 917 aegri
1341 833 1503 896 reccidere.

258 941 370 1004 snalla
400 943 531 1006 celerior
560 946 603 1006 ad
636 945 788 1006 insaniam
819 946 869 1007 uia
899 955 956 1007 est.
1002 945 1092 1006 multi
1121 946 1227 1025 itaque
1250 943 1505 1004 continuauerunt
1520 945 1532 992 ἵ)

285 1048 350 1110 irae
372 1046 511 1112 furorem
534 1069 594 1112 nec
615 1071 712 1132 quam
734 1051 921 1132 expulerant
951 1061 1093 1113 mentem
1123 1069 1274 1131 umquam
1304 1057 1502 1129 receperunt:

284 1153 421 1216 Aiacem
444 1155 476 1216 in
503 1167 641 1218 mortem
666 1159 731 1238 egit
761 1157 862 1232 furor,
893 1159 924 1219 in
951 1156 1090 1220 surorem
1120 1158 1173 1218 ira.
1228 1163 1366 1216 mortem
1398 1152 1505 1225 liberis,

284 1269 463 1341 egestatem
486 1263 552 1336 sibi,
575 1265 695 1324 minam
720 1265 830 1325 domui
851 1265 1060 1346 inpreoentur,
1083 1272 1114 1324 et
1137 1263 1226 1324 irasci
1248 1283 1283 1322 se
1305 1243 1507 1340 negant'non

284 1367 387 1430 minus
402 1389 499 1449 quam
514 1369 648 1430 insanire
663 1368 776 1432 furiosi.
800 1371 995 1432 amicissimis
1015 1369 1126 1431 hostes
1141 1368 1323 1448 uitandique
1337 1365 1506 1436 carissimis

245 1487 270 1525 ¹⁰
284 1473 390 1554 legum
421 1476 477 1536 nisi
515 1495 578 1556 qua
609 1484 725 1536 nocent
763 1477 969 1550 inmemores,
1007 1478 1050 1538 ad
1088 1477 1220 1538 minima
1257 1473 1410 1545 mobiles,
1447 1491 1506 1532 non

283 1600 445 1653 sermone,
472 1601 537 1642 non
568 1581 673 1643 officio
704 1582 782 1644 adin'
810 1583 924 1655 faciles,
955 1603 1012 1664 per
1034 1583 1098 1644 uim
1122 1583 1230 1643 omnia
1252 1588 1374 1660 gerunt,
1400 1577 1505 1658 gladiis

283 1673 317 1746 et
346 1703 489 1767 pugnare
519 1690 620 1768 parati
651 1699 683 1750 et
713 1689 905 1751 incumbere.
951 1690 1127 1750 maximum
1161 1689 1244 1748 enim
1283 1685 1353 1746 illos
1391 1684 1533 1746 malumfi

283 1793 367 1874 cepit
397 1801 430 1853 et
460 1795 567 1856 omnia
593 1814 772 1875 exuperans
795 1797 878 1856 uitia.
923 1795 983 1856 alia
1005 1794 1158 1875 paulatim
1180 1795 1314 1854 intrant:
1348 1792 1506 1872 repentina

282 1908 317 1959 et
354 1900 499 1960 uniuersa
537 1901 583 1961 uis
621 1900 710 1962 huius
749 1911 807 1962 est.
853 1903 956 1962 omnis
994 1903 1131 1982 denique
1168 1899 1247 1961 alios
1278 1897 1424 1960 adfectus
1453 1895 1505 1956 sibi

244 2015 271 2054 ¹⁵
283 2004 404 2066 subicit.
440 2025 584 2068 amorem
602 2007 857 2068 ardentissimum
880 2008 981 2068 uincit.
1028 2006 1264 2068 transfoderunt
1283 2006 1390 2084 itaque
1405 2011 1507 2065 amata

283 2131 419 2193 corpora
434 2123 467 2172 et
482 2114 513 2174 in
528 2131 639 2174 corum
656 2133 737 2192 quos
753 2114 935 2174 occiderant
949 2114 1073 2174 iacuere
1088 2111 1307 2194 conplexibus.
1337 2110 1507 2180 auaritiam,

283 2219 482 2278 durissimum
507 2217 626 2279 malum
650 2219 841 2300 minimeque
863 2219 1010 2293 flexibile,
1040 2221 1085 2280 ira
1107 2219 1239 2280 calcauit
1261 2219 1410 2278 adactam
1434 2233 1507 2295 opes

282 2344 355 2384 suas
378 2343 528 2404 spargere
552 2335 584 2386 et
607 2326 717 2386 domui
738 2325 897 2405 rebusque
923 2327 954 2386 in
976 2345 1074 2386 unum
1106 2325 1230 2416 collatis
1259 2323 1373 2384 inicere
1395 2321 1505 2402 ignem.

243 2553 346 2615 noque
377 2534 518 2595 delatum
549 2535 703 2616 reppulit?
749 2536 849 2597 nullus
884 2535 1025 2598 adlectus
1058 2545 1123 2610 est,
1162 2537 1193 2596 in
1231 2555 1326 2616 quem
1366 2553 1430 2594 non
1467 2532 1507 2591 ira

284 2639 472 2701 dominetur.

282 2834 300 2885 2
320 2850 406 2900 rupere
427 2826 497 2852 ”⁶⁰²⁸
522 2832 610 2900 (infra
634 2851 709 2883 uenas
734 2831 830 2886 charta
853 2841 895 2894 est
917 2833 1024 2896 lacera,
1055 2833 1255 2903 suprascripsit
1279 2849 1313 2884 m.
1339 2831 1403 2896 rec.)

282 2923 417 2974 3sufiudit
524 2921 586 2972 ire
604 2922 687 2972 cidere
711 2921 784 2990 (post
809 2923 937 2989 reficite
962 2923 1071 2992 punctis
1089 2921 1194 2988 notata)
1304 2921 1412 2974 &irasci
1429 2934 1455 2968 se
1474 2926 1507 2981 (se

283 3008 369 3073 corr.)
458 3009 489 3061 10
507 3011 667 3059 immemores
751 3012 856 3059 minima
875 3012 900 3076 (a
919 3013 1002 3070 corr.)
1085 3011 1115 3062 ‘13
1135 3026 1270 3075 exuperans
1293 3011 1332 3076 (ex
1352 3009 1432 3072 corr.)
1598 2995 1599 2998 Ἴ

287 3097 319 3148 14
340 3099 439 3146 affectus
519 3097 551 3149 lb*
572 3101 668 3148 iacuere
687 3099 723 3162 (in
744 3099 809 3165 ras.)
889 3102 1018 3149 auaritiam
1040 3101 1110 3165 (tiam
1129 3100 1156 3150 r'rr
1177 3099 1245 3164 ras.)
1327 3097 1359 3149 17
1378 3097 1504 3156 minimt'lqi

283 3185 370 3249 (mtiqz
385 3183 413 3236 in
431 3201 495 3248 ras,
512 3184 568 3252 suit
581 3185 654 3250 miq;)
674 3185 733 3240 cod.
754 3185 826 3239 unde
844 3189 993 3252 minimeque
1010 3188 1116 3256 scirpo,
1136 3185 1212 3256 quod
1229 3194 1271 3239 est
1290 3187 1318 3237 in
1333 3184 1360 3238 E
1365 3188 1373 3220 ¹
1391 3189 1416 3236 ei
1429 3179 1507 3234 Gertz

276 3285 393 3341 quoque
406 3271 498 3334 uoluit,
517 3289 680 3342 quamquam
694 3273 800 3343 aliquid
811 3276 935 3345 scrupuli
951 3276 1026 3328 riricit
1044 3274 1079 3329 de
1097 3275 1174 3329 brou.
1189 3276 1239 3328 uit.
1261 3278 1285 3338 i,
1307 3278 1319 3324 l
1340 3275 1446 3336 minime,
1465 3268 1510 3322 ubi

283 3376 301 3410 e
319 3360 346 3412 in
366 3376 422 3414 ras.
523 3361 551 3414 ii
571 3364 688 3412 adactam
709 3361 857 3426 illichaelis,
879 3361 974 3416 Getis:
995 3366 1086 3414 adacta
1183 3365 1215 3416 iti
1234 3365 1287 3421 reb;
1309 3381 1336 3428 q;
1357 3363 1379 3428 (;
1400 3360 1426 3412 iri
1442 3359 1507 3422 ras.)

360 3448 394 3502 20
413 3451 513 3498 affectus
