3184 5318
308 375 372 438 203
466 369 545 412 uras.
558 367 597 414 rx.
626 371 667 410 au
682 365 824 410 ssusuvu
839 367 880 408 ua
892 361 1159 417 ruauovnarrara
1172 359 1271 404 anim.
1298 361 1320 402 ο.
1336 359 1368 400 n.

307 517 504 597 adparatum.
548 513 725 588 honestius,
748 516 858 596 inquis,
882 514 944 577 huc
965 535 1001 576 se
1023 518 1171 596 inpensae
1193 533 1290 594 quarn
1313 514 1344 573 in
1367 507 1535 573 Corinthia&

307 623 468 702 pictasque
498 618 622 682 tabulas
653 619 828 682 effuderint
874 621 1020 683 uitiosum
1051 629 1100 683 est
1127 620 1258 702 ubique,
1288 617 1376 699 quod
1398 617 1511 678 nimium

308 732 364 788 est.
410 724 483 807 quid
514 724 630 799 babes,
661 745 716 788 cur
746 726 891 807 ignoscas
914 726 1034 788 homini
1057 729 1189 788 armaria
1211 727 1291 788 citro
1315 731 1408 804 atque
1430 722 1512 784 ebore

308 833 463 912 captanti,
495 851 630 913 corpora
657 833 852 914 conquirenti
876 841 930 895 aut
953 837 1134 912 ignotorum
1158 840 1323 894 auctorum
1348 838 1401 891 aut
1423 829 1511 908 inpro-

269 959 280 996 s
308 938 457 1000 batorum
480 947 513 1000 et
528 939 608 1000 inter
622 946 672 1000 tot
688 938 771 1002 milia
786 938 937 1001 librorum
954 940 1106 1012 oscitanti,
1129 942 1177 1000 cui
1193 937 1513 999 uoluminumsuorum

308 1042 427 1105 frontes
449 1046 589 1106 maxime
603 1043 729 1126 placent
745 1044 906 1127 titulique?
938 1045 1023 1126 apud
1038 1044 1301 1107 desidiosissimos
1317 1061 1395 1122 ergo
1410 1038 1514 1101 uidebis
1527 1034 1538 1085 l

308 1149 460 1232 quidquid
484 1150 663 1212 orationum
687 1150 948 1232 historiarumque
972 1160 1028 1224 est,
1052 1158 1139 1212 tecto
1162 1159 1254 1213 tenus
1271 1156 1430 1210 exstructa
1443 1145 1513 1206 locu-

309 1255 456 1318 lamenta.
502 1257 564 1317 iam
588 1258 671 1317 enim
695 1257 775 1319 inter
796 1256 955 1320 balnearia
977 1265 1010 1319 et
1024 1255 1165 1320 thermas
1184 1254 1391 1336 bybliotheca
1406 1269 1516 1333 quoque

309 1369 344 1424 ut
373 1361 582 1424 necessarium
615 1359 732 1424 domus
755 1371 976 1426 ornamentum
1000 1360 1165 1443 expolitur.
1211 1363 1408 1442 ignoscerem
1430 1356 1515 1438 plane,

272 1485 294 1524 u
309 1467 333 1528 si
356 1467 531 1529 studiorum
554 1467 650 1529 nimia
673 1467 817 1548 cupidine
840 1477 1011 1530 erraretur:
1046 1487 1128 1529 nunc
1143 1467 1203 1530 ista
1218 1465 1393 1547 conquisita
1408 1481 1515 1524 aecum

249 1581 253 1590 “
310 1572 497 1652 imaginibus
528 1573 589 1634 suis
619 1573 767 1655 discripta
797 1593 958 1636 sacrorum
990 1593 1089 1654 opera
1117 1573 1314 1654 ingeniorum
1343 1569 1516 1648 inspeciem

312 1687 344 1740 et
369 1676 485 1739 cultum
509 1681 664 1759 parietum
688 1688 905 1761 conparantur.
1470 1659 1472 1667 Ι

400 1784 439 1846 X.
485 1783 533 1846 At
564 1784 593 1846 in
622 1784 749 1867 aliquod
774 1805 873 1865 genus
897 1787 979 1848 uitae
1003 1783 1129 1846 difficile
1152 1783 1285 1845 incidisti
1310 1789 1343 1842 et
1365 1779 1423 1842 tibi
1443 1772 1544 1857 igno-¹

246 1945 250 1958 .
310 1893 391 1952 ranti
422 1888 471 1951 uel
502 1890 628 1971 publica
658 1891 783 1953 fortuna
805 1890 856 1952 uel
878 1895 1000 1972 priuata
1022 1891 1169 1972 laqueum
1193 1890 1329 1971 inpegit,
1360 1903 1452 1967 quern
1471 1902 1520 1942 nec

275 2013 297 2050 u
311 1995 435 2057 soluere
465 1997 568 2078 possis
594 2017 653 2058 nec
675 2017 839 2079 rumpere:
874 2000 980 2078 cogita
1002 1998 1190 2078 conpeditos
1213 1997 1316 2078 primo
1341 2011 1435 2072 aegre
1455 1988 1521 2051 lene

312 2121 409 2164 onera
436 2110 468 2164 et
491 2104 705 2184 inpedimenta
728 2125 860 2166 crurum.
908 2105 1022 2166 deinde
1045 2103 1097 2164 ubi
1119 2123 1184 2165 non
1207 2102 1361 2181 indignari
1384 2097 1448 2172 illa,
1474 2093 1520 2155 sed

281 2245 289 2258 -
312 2209 376 2290 pati
400 2218 641 2290 proposuerunt,
665 2213 833 2272 necessitas
855 2208 977 2272 sortiter
999 2208 1079 2272 serre
1100 2212 1204 2284 docet,
1228 2205 1424 2269 consuetudo
1439 2199 1521 2264 facile.

312 2316 450 2376 inuenies
481 2316 512 2376 in
542 2314 686 2394 quolibet
716 2335 833 2396 genere
861 2317 944 2378 uitae
967 2315 1203 2378 oblectamenta
1226 2323 1258 2376 et
1281 2313 1475 2374 remissiones
1495 2315 1522 2366 et

313 2419 511 2500 uoluptatesr
547 2424 572 2483 si
604 2421 754 2497 uolueris,
786 2422 869 2484 mala
898 2432 1010 2504 putare
1035 2422 1116 2484 leuia
1138 2421 1243 2504 potius
1265 2439 1364 2500 quam
1387 2414 1523 2478 inuidiosa

272 2537 299 2580 ²⁰
314 2525 424 2589 lacere.
469 2526 554 2588 nullo
578 2527 688 2590 melius
711 2531 839 2591 nomine
862 2530 903 2591 de
926 2529 1018 2590 nobis
1041 2537 1152 2590 natura
1175 2529 1304 2600 meruit,
1327 2542 1422 2606 quam
1445 2514 1547 2599 quud?

314 2651 385 2694 cum
409 2632 502 2694 sciret
524 2634 637 2714 quibus
661 2637 818 2696 aerumnis
841 2655 1047 2709 nasceremur,
1071 2634 1285 2696 calamitatum
1309 2628 1523 2692 mollimentum

314 2740 573 2801 consuetudinem
597 2743 728 2816 inuenit,
759 2744 822 2803 cito
845 2744 876 2803 in
900 2741 1139 2803 familiaritatem
1162 2740 1349 2820 grauissima
1373 2735 1523 2798 adducens.

314 2865 410 2907 nemo
434 2845 569 2918 duraret,
593 2847 619 2906 si
642 2865 745 2906 rerum
769 2847 971 2907 aduersarum
988 2846 1123 2908 eandem
1138 2848 1202 2907 uim
1219 2843 1394 2906 adsiduitas
1408 2840 1524 2902 haberet

314 2969 410 3031 quam
433 2952 552 3030 primus
574 2953 662 3012 ictus.
707 2963 820 3013 omnes
843 2973 914 3014 cum
940 2951 1063 3014 fortuna
1086 2951 1222 3034 copulati
1246 2969 1375 3012 sumus:
1409 2948 1524 3009 aliorum
1539 2939 1549 2987 :l

275 3068 302 3108 tt
316 3075 410 3118 aurea
433 3065 544 3118 catena
567 3065 671 3119 estet
694 3056 776 3132 laxa,
800 3057 930 3120 aliorum
955 3067 1023 3120 arta
1038 3067 1071 3120 et
1086 3060 1223 3120 sordida.
1262 3057 1319 3118 sed
1335 3055 1411 3137 quid
1427 3053 1524 3117 refert?

315 3163 428 3222 eadem
460 3162 606 3223 custodia
636 3165 796 3224 uniuersos
823 3164 1029 3226 circumdedit
1056 3164 1249 3244 adligatique
1272 3172 1346 3225 sunt
1369 3165 1461 3224 etiam
1483 3159 1525 3238 qui

320 3459 328 3510 l
349 3461 397 3508 huc
414 3475 442 3508 se
460 3457 569 3528 Hormi:
589 3460 639 3508 boc
657 3467 681 3508 te
770 3460 884 3513 2nimitl
909 3463 1002 3528 (com,
1019 3459 1075 3529 suit
1093 3460 1183 3529 minus)
1273 3460 1291 3512 4
1310 3419 1427 3526 captante
1444 3459 1467 3526 (e
1482 3455 1526 3508 riri

314 3603 397 3664 corr.)
487 3601 638 3664 conquirenti
656 3597 821 3654 deteriores:
847 3557 974 3666 conqrenll
992 3619 1008 3652 a
1098 3602 1114 3654 6
1139 3609 1198 3668 apul
1295 3603 1311 3654 7
1336 3603 1452 3668 quicquid

319 3737 486 3792 lucraretur
505 3735 595 3792 luel:
616 3699 718 3790 olirerur
737 3742 785 3806 (ori
804 3741 831 3794 in
850 3757 915 3806 rus,
930 3759 985 3810 pro
1004 3745 1012 3792 i
1031 3741 1093 3796 olim
1113 3741 1169 3795 ulio
1188 3741 1280 3796 littera
1296 3741 1366 3811 fuiti
1386 3739 1445 3795 cod.
1457 3737 1489 3807 cs.
1501 3735 1527 3788 de

315 3825 390 3880 bren.
405 3825 451 3878 nir.
464 3827 490 3885 i,
512 3829 523 3877 l
546 3829 620 3876 ceteri
638 3830 735 3878 etiamsi
753 3846 817 3879 uana
835 3831 931 3896 gloriae
949 3834 1057 3896 imagine
1075 3839 1209 3893 teneantur,
1228 3833 1342 3896 speciose
1361 3839 1444 3881 tamen
1461 3831 1526 3877 erranl

422 3913 560 3978 conquisita
585 3930 689 3964 aecum
708 3917 856 3982 imaginibus
874 3921 922 3968 suis
940 3921 1063 3984 descripta
1081 3938 1207 3970 sacrorum
1226 3915 1345 3990 ,lladm‘q
1365 3919 1494 3984 conquisita
1510 3921 1526 3959 el

316 4017 372 4050 cum
392 4001 541 4064 imaginibus
559 4001 607 4048 suis
625 4003 747 4068 descripta
765 4021 889 4056 sacrorum
909 4003 966 4060 El:
988 4009 1124 4073 conquisita
1143 4017 1176 4060 εἴ]
1196 4010 1330 4072 imaginib;
1343 4009 1401 4057 'suis
1419 4006 1525 4067 discripta.
1582 4063 1583 4072 ἵ

316 4093 340 4138 et
362 4105 487 4136 sacrorum
609 4089 640 4140 12
664 4092 818 4156 comparant*
916 4095 946 4146 13
970 4101 995 4144 at
1014 4098 1039 4144 in
1058 4097 1158 4161 aliquod
1178 4093 1249 4148 ΕΗ
1263 4105 1288 4144 at
1313 4096 1450 4160 adaliquod

319 4174 352 4226 15
370 4176 450 4240 possis
464 4172 522 4226 El:
543 4189 628 4238 posses
717 4193 830 4243 rumpere
842 4178 923 4233 Gertz
943 4184 1089 4248 abrumpere
1101 4181 1159 4236 Εἲς
1179 4201 1310 4249 erumpere
1419 4181 1527 4246 19purare

317 4261 381 4310 lari·
400 4258 531 4330 Nedur'yr
558 4267 640 4325 putate
663 4264 704 4313 uia
792 4267 828 4318 90
851 4285 924 4332 quam
949 4273 1017 4334 qaod
1040 4289 1096 4320 cum
1122 4273 1194 4320 sciret
1213 4268 1357 4336 rlherelars,
1383 4287 1454 4337 quam
1475 4263 1527 4331 quod

318 4349 397 4396 scices
415 4345 580 4400 Piscinas:
600 4365 674 4414 quam
692 4367 748 4400 eum
766 4355 838 4404 sciret
933 4358 967 4408 :³5
994 4365 1081 4407 calena
1100 4365 1136 4408 est
1154 4367 1178 4407 et
1196 4360 1254 4407 laxa
1275 4357 1376 4412 Carrio:
1397 4365 1478 4407 eatena
1494 4357 1526 4400 esi.

318 4435 393 4492 aliott
412 4435 467 4484 lara
557 4434 592 4488 2¹6
610 4437 731 4504 alligatiq;
