3234 5336
458 377 629 420 PRAEFATIO
644 377 793 420 IOHANNIS
808 379 950 424 vaticani.
1002 389 1006 396 ·
1285 379 1316 424 tx

97 545 214 606 quoque
235 526 406 605 probatum
434 559 468 568 -
496 522 571 586 nihil
595 533 643 586 est
667 525 754 605 quod
777 523 870 586 valde
893 524 1024 606 placeat.
1071 524 1114 587 Et
1131 534 1179 588 est
1194 525 1244 588 illa
1260 545 1314 606 ge·

98 639 199 703 neralis
228 642 399 714 sententia,
439 660 503 722 qua
532 661 589 722 per
623 640 723 702 simile
754 661 773 702 a
803 641 962 721 palpando
991 643 1121 704 ductum
1152 643 1199 704 vis
1226 641 1313 704 blan-

97 756 193 818 diendi
223 754 398 836 explicatur
421 755 580 831 universe,
611 755 751 838 palpanti
774 765 881 818 autem
905 777 1004 838 equus
1027 776 1130 838 neque
1153 776 1245 839 asper
1267 765 1315 818 est

97 891 189 952 neque
220 889 297 932 vero
328 872 451 932 territus
481 881 536 934 aut
563 870 796 934 formidolosus
842 869 925 932 Rem
948 871 1016 954 ipse
1038 871 1170 934 illustrat
1193 870 1316 935 Seneca

98 1006 160 1048 cum
191 985 296 1049 scribit
328 986 369 1048 de
399 985 490 1050 clem.
519 991 543 1060 t,
570 987 660 1059 tar
694 989 777 1063 atqui
807 1004 909 1064 equum
932 1005 992 1050 non
1015 990 1127 1048 crebris
1149 989 1315 1049 verberibus

97 1110 214 1163 exterret
237 1104 379 1163 domandi
399 1105 513 1178 peritas
534 1105 693 1175 mopister3
714 1107 769 1174 liet
791 1105 864 1162 enirn
878 1104 1089 1177 formidolosas
1105 1113 1131 1164 et
1146 1113 1315 1174 cantamus,

96 1219 144 1276 nisi
169 1232 232 1278 eun
263 1217 431 1278 blandiente
460 1223 542 1278 tactu
570 1219 766 1293 permulcens.
815 1214 905 1279 cont.
936 1215 1225 1313 Plautinflmphitr.
1250 1219 1312 1279 522

97 1334 214 1392 timidam
235 1336 330 1409 palpo
349 1335 484 1408 percidit.

177 1444 232 1506 Ad
256 1443 434 1508 Gallionem
458 1445 499 1508 de
523 1446 588 1507 vita
611 1445 707 1508 beata
729 1465 755 1507 c.
781 1445 821 1508 20
845 1465 876 1526 p.
904 1449 979 1522 173,
1004 1450 1022 1508 t
1055 1451 1118 1510 Sed
1145 1452 1171 1509 si
1200 1451 1245 1510 cir
1276 1466 1314 1522 es,
1354 1445 1357 1466 “

96 1567 209 1638 ,suspica
234 1564 348 1622 etianrsr'
363 1565 506 1635 decidant,
530 1580 642 1639 mapna
658 1571 806 1624 conantes.
831 1580 978 1639 penerosa
994 1581 1042 1654 res
1058 1571 1100 1624 est
1115 1567 1315 1640 respicientem

96 1693 146 1736 non
169 1679 310 1756 odraus,
332 1680 387 1738 sed
409 1680 452 1737 od
472 1685 600 1738 naturae
623 1693 697 1738 suae
717 1679 793 1738 vires
808 1683 921 1750 conari,
946 1683 1007 1740 alta
1024 1690 1165 1755 temptare
1181 1687 1209 1740 et
1223 1687 1316 1740 mente

95 1794 200 1852 maiora
230 1796 401 1870 concipere,
433 1809 520 1868 quarn
552 1810 630 1870 qnae
660 1797 746 1854 etiam
778 1797 888 1870 inpenti
919 1797 1016 1854 attieno
1048 1797 1204 1856 adornatis
1236 1797 1317 1870 eslici

92 1917 209 1982 possum.
271 1904 364 1968 Hanc
394 1906 677 1986 interpunctionem
708 1913 830 1982 conari,
869 1913 932 1970 atto
962 1918 1106 1986 temptare
1136 1929 1155 1970 a
1187 1908 1315 1971 Gertzio

96 2023 218 2104 sumpsit
234 2021 397 2104 Kochius;
423 2021 613 2104 vulgabatur
635 2028 741 2086 conari
757 2029 829 2098 alta,
852 2035 1001 2100 temptare.
1049 2023 1076 2084 F
1077 2022 1156 2085 allor
1171 2031 1224 2086 aut
1241 2043 1314 2084 neu·

95 2145 170 2198 trum
199 2137 299 2200 voluit
323 2136 461 2213 Seneca,
492 2140 549 2201 sed
578 2139 657 2200 haec
680 2139 710 2201 in
734 2159 828 2200 unam
853 2136 1033 2201 coalescunt
1056 2139 1245 2200 sententiam
1267 2159 1316 2200 re-

95 2258 251 2328 spicientem
274 2273 335 2316 non
359 2257 402 2315 od
422 2273 495 2316 suos
510 2258 566 2316 sed
580 2259 623 2316 ad
636 2263 766 2317 naturae
781 2272 855 2315 suae
870 2258 948 2316 vires
964 2258 1070 2316 conari
1086 2257 1149 2316 alta
1165 2261 1316 2330 temptare,

94 2369 258 2430 secundum
298 2367 373 2430 illud
405 2369 529 2431 dicendi
560 2387 660 2447 genus
690 2370 778 2450 quod
810 2370 840 2432 in
871 2368 950 2450 disp.
982 2369 1023 2430 de
1054 2366 1156 2430 Taciti
1186 2368 1316 2448 dialogo

96 2477 279 2562 (Commeat.
307 2484 338 2544 in
362 2482 434 2546 hon.
459 2483 517 2544 Th.
543 2483 735 2546 Mommseni
757 2504 787 2564 p.
813 2483 889 2566 665)
914 2482 1069 2564 exemplis
1099 2482 1253 2564 pluribus,
1284 2484 1314 2544 in

95 2597 197 2678 quibus
220 2597 362 2662 Senecae
393 2618 472 2693 uno,
503 2597 641 2661 stabilite
672 2599 785 2661 studui.
832 2599 962 2661 Nedum
993 2607 1027 2660 ut
1051 2599 1184 2661 alterum
1209 2607 1313 2660 utrum

95 2723 293 2794 cognatorum
332 2713 503 2777 verborum
543 2712 638 2776 deleri
669 2713 801 2776 debeat:
836 2734 970 2796 quorum
1001 2713 1136 2776 Haasius
1172 2722 1315 2792 temptare

96 2828 224 2910 notavit;
251 2829 309 2889 sed
331 2835 418 2890 certe
441 2837 547 2891 utrum
571 2827 649 2890 salso
673 2828 867 2909 adscriptum
891 2836 983 2908 putes
1006 2847 1102 2908 aegre
1126 2826 1264 2890 definias.

173 2942 229 3005 Ad
252 2941 407 3018 Serenum
431 2944 472 3005 de
503 2943 726 3026 tranquillitate
755 2943 851 3006 animi
874 2963 900 3005 c.
929 2943 976 3018 12,
1000 2963 1030 3024 p.
1056 2944 1129 3018 213,
1159 2947 1168 3004 l
1204 2947 1314 3006 Proxi-

96 3073 161 3118 mam
184 3060 221 3120 ab
244 3062 290 3142 iis
313 3062 436 3139 erintne
459 3066 511 3120 ont
532 3063 562 3120 in
584 3062 776 3136 superuacuis
799 3068 851 3119 ant
874 3077 913 3120 en
935 3076 1118 3136 supervacuo
1140 3060 1313 3132 laborantis,

96 3174 248 3246 idiotae
271 3192 349 3251 quoe
372 3186 424 3237 out
445 3195 506 3238 non
525 3193 680 3253 possamus
704 3179 843 3252 consequi
862 3147 1115 3252 'concupiscamus
1140 3185 1192 3236 ont
1215 3180 1315 3253 adepti

96 3292 240 3352 vamtatem
272 3294 471 3368 cupiditatium
494 3301 666 3354 nostrarum
689 3309 757 3354 sero
774 3302 845 3368 Post
867 3295 984 3352 multem
1006 3295 1142 3352 sudorem
1166 3295 1313 3368 intellepe-

96 3421 166 3466 nus:
198 3409 230 3468 id
260 3414 363 3469 estne
385 3409 544 3469 ontiobor
568 3409 693 3484 [inritus]
718 3412 756 3470 sit
777 3411 841 3468 sine
863 3411 970 3484 effecta
993 3417 1045 3470 ant
1068 3411 1189 3483 effectus
1212 3409 1315 3470 labore

96 3520 229 3596 tortiones.
275 3519 419 3583 Kochius
450 3525 554 3582 inritas
584 3521 740 3583 uncinavit
772 3541 844 3582 cum
868 3521 1047 3601 Madvigio,
1079 3520 1222 3584 Gertzius
1250 3542 1314 3584 non

96 3633 152 3696 sine
173 3637 295 3699 ratione
318 3636 400 3698 hanc
422 3636 543 3698 ‘miram
566 3637 837 3717 interpretamenti
861 3635 1006 3698 sormam’
1024 3637 1191 3700 arbitratus
1207 3639 1313 3718 potius

96 3753 149 3812 sine
170 3756 278 3828 effectu
300 3770 370 3813 esse
394 3750 531 3814 delenda
554 3751 691 3832 censuit3
726 3754 774 3813 cui
797 3771 900 3814 rursus
923 3735 1065 3814 Kochius
1088 3753 1212 3828 obiecit,
1235 3754 1314 3816 haec

97 3864 170 3928 demi
199 3876 310 3932 vetare
341 3866 374 3929 id
405 3868 492 3947 quod
522 3867 737 3948 insequeretur
760 3871 898 3944 effectus,
929 3887 969 3930 ne
992 3867 1023 3928 id
1046 3867 1175 3948 quidem
1199 3869 1314 3930 iniuria.

97 3977 141 4042 Ac
174 3981 308 4045 sortasse
338 3985 398 4046 erit
427 3983 480 4066 qui
510 3991 655 4046 neutrum
687 3981 755 4045 tolli
785 3983 842 4044 sed
873 3982 971 4044 ambo
1002 3981 1142 4063 copulari
1172 3985 1312 4059 suadeat,

97 4096 185 4158 initas
215 4109 242 4162 et
265 4103 328 4160 sine
352 4102 475 4175 effecta,
505 4097 592 4180 quod
616 4106 701 4158 certe
724 4096 809 4158 haud
834 4098 971 4160 deterius
995 4107 1043 4160 est
1067 4099 1191 4171 dicendi
1214 4117 1313 4178 genus

97 4229 180 4290 quam
197 4232 262 4295 quo
279 4211 390 4276 Cicero
405 4215 528 4296 scripsit
541 4219 668 4292 ipnanus
683 4221 712 4276 et
725 4219 788 4276 sine
803 4218 900 4276 ammo
915 4218 995 4275 miles
1011 4214 1063 4290 (ad
1081 4211 1152 4276 Att.
1172 4219 1198 4287 t,
1218 4216 1266 4287 ts,
1281 4213 1311 4290 5)

98 4335 124 4386 et
150 4327 236 4390 multi
268 4327 417 4394 similiter.
463 4328 512 4393 At
541 4349 618 4392 vero
649 4315 723 4391 nihil
747 4337 800 4392 aut
824 4329 1008 4393 addendum
1031 4338 1086 4392 aut
1109 4328 1312 4392 recidendum

98 4451 147 4504 est
190 4444 273 4508 Nam
312 4443 387 4507 illud
418 4446 570 4528 quidquid
602 4453 650 4508 est
681 4444 871 4508 abundantis
909 4445 1075 4519 orationis,
1112 4447 1215 4506 irritus
1251 4449 1314 4506 sine
